3400 5350
1311 403 1372 468 177

282 588 339 654 Isu·
367 598 441 655 sunt
467 589 614 655 redditus
641 589 873 657 beneficiorum
895 593 982 658 eirea
1006 592 1206 659 Chotwieum
1228 597 1374 681 exeeptis

178 693 263 757 areis
286 702 319 758 et
339 694 409 759 iure
432 693 533 760 civili:
555 697 589 759 in
611 694 739 761 Paeh²⁸
761 696 795 761 11
817 694 987 782 benefitia,
1009 697 1085 763 inde
1109 697 1258 764 coluntur
1279 700 1373 764 vinee

179 806 212 862 et
232 798 380 863 serviunt
394 795 470 863 duci
484 797 629 863 modium
644 821 778 883 avenae,
802 799 1034 887 lantpbennige
1050 802 1114 866 LX
1131 801 1215 886 den,
1238 802 1375 868 XXIIII

178 903 212 966 in
234 923 349 967 mesae.
379 901 518 968 Istorum
540 901 771 969 beneficiorum
792 904 809 968 I
832 906 1167 973 servittantummodo
1182 906 1282 971 XXX
1299 906 1373 973 den.

179 1004 222 1070 ad
243 1006 294 1070 ius
317 1005 420 1088 civbe,
445 1027 543 1092 super
563 1029 703 1073 avenam
726 1008 759 1072 X
783 1007 858 1074 den.

282 1127 321 1193 In
344 1127 540 1193 antebaim
564 1130 650 1194 etin
673 1129 822 1196 Mvtaru:
849 1130 916 1196 XV
935 1129 1105 1215 beneficia,
1127 1131 1203 1197 inde
1227 1132 1375 1198 coluntur

178 1233 289 1318 vinee;
314 1230 480 1317 quodlibet
500 1234 632 1300 istnmm
656 1233 888 1299 beneficiorum
910 1237 1010 1300 servit
1033 1234 1109 1300 duni
1128 1234 1295 1301 dimidium
1311 1258 1374 1301 mo·

180 1335 269 1401 dium
291 1357 427 1420 avenae,
451 1357 549 1424 super
570 1359 710 1402 avenam
725 1337 757 1401 V
773 1337 858 1422 dan„
882 1337 1135 1425 lantphennigeb
1149 1339 1217 1403 XX
1233 1338 1318 1423 den,
1341 1342 1375 1405 in

179 1461 285 1505 meane
300 1439 369 1505 XII
383 1439 469 1525 den„
491 1443 524 1506 in
546 1443 714 1508 nativitate
737 1441 859 1508 domini
880 1442 1025 1529 plaustra
1047 1443 1206 1529 lignorum
1222 1443 1264 1509 ad
1281 1444 1374 1510 (lhot-

179 1545 305 1610 wicum.

283 1648 323 1714 In
352 1648 448 1714 ntra
486 1648 614 1716 Vden.
652 1649 771 1716 Adhuc
802 1659 852 1715 eet
880 1650 925 1715 ibi
947 1650 1153 1737 beneficium,
1183 1650 1270 1738 quod
1294 1652 1375 1718 divi·

180 1775 252 1820 aum
281 1762 331 1819 eat
359 1775 419 1840 per
447 1775 543 1839 agros
574 1756 657 1820 inter
686 1756 809 1838 vineas,
840 1754 899 1820 aed
931 1758 1031 1822 servit
1057 1755 1133 1822 duci
1156 1766 1189 1823 et
1209 1756 1375 1843 lantpben·

180 1858 277 1943 nigel
304 1867 337 1923 et
362 1859 396 1923 in
418 1857 499 1943 aliia,
526 1859 612 1945 quod
635 1859 698 1925 alia
721 1861 874 1925 serviunt.
921 1859 1040 1926 Adhue
1062 1869 1137 1926 eunt
1157 1860 1204 1927 ibi
1226 1884 1321 1927 areae
1344 1869 1377 1926 et

180 1965 230 2029 ius
253 1961 356 2028 civile.

284 2066 323 2131 In
356 2067 578 2153 Pavngarten:
616 2066 684 2133 1111
717 2067 887 2152 beneficia,
923 2067 1000 2133 inde
1034 2068 1183 2135 coluntur
1215 2070 1310 2135 vinee
1344 2078 1377 2135 et

181 2170 348 2257 quodlibet
374 2174 507 2237 istorum
534 2173 634 2237 servit
661 2170 736 2237 duci
764 2170 933 2238 dimidium
954 2172 1098 2238 modium
1120 2195 1255 2257 avenae,
1278 2196 1376 2260 anper

181 2297 319 2341 avenam
334 2275 366 2340 V
381 2274 467 2360 den,
495 2275 723 2362 lantphennige
746 2276 814 2341 XX
830 2275 916 2360 den,
944 2276 1011 2341 XII
1033 2279 1066 2342 in
1094 2299 1210 2362 meuse,
1237 2279 1271 2343 in
1297 2280 1376 2343 nati·

180 2381 280 2444 vitate
302 2378 423 2446 domini
444 2379 625 2466 plaustrum
647 2379 816 2465 lignorum.

284 2501 322 2566 In
346 2501 441 2567 nvn:
466 2500 586 2567 Vden.
611 2511 644 2568 et
666 2500 707 2567 de
730 2502 814 2567 hiisl
837 2503 887 2567 IV
908 2502 1074 2568 beneficiis
1098 2502 1218 2570 dantur
1244 2503 1287 2569 ad
1314 2504 1375 2569 cel·

179 2606 248 2671 lare
270 2615 415 2673 nostrum
435 2606 555 2671 XXIII
577 2629 657 2673 urne
681 2609 755 2672 vini.
786 2607 869 2673 Item
892 2616 966 2673 sunt
987 2608 1032 2672 ibi
1055 2607 1088 2673 Π
1110 2608 1280 2686 beneficia,
1312 2631 1375 2696 que

179 2713 325 2779 serviunt
355 2712 525 2778 carradam
554 2713 621 2778 vini
651 2725 684 2778 et
714 2712 791 2779 duci
817 2713 960 2779 modium
983 2736 1098 2798 avene,
1121 2713 1374 2800 lantphennige¹³

178 2816 239 2881 XL
262 2815 335 2882 den.
380 2816 464 2881 Item
495 2826 570 2882 sunt
599 2816 644 2882 ibi
665 2817 682 2882 I
704 2817 911 2903 beneficium,
935 2817 1022 2903 quod
1044 2819 1145 2884 servit
1166 2819 1199 2883 Π
1221 2817 1309 2883 milia
1332 2818 1373 2884 de

178 2919 317 2986 fustibus
339 2919 510 2986 advineae
526 2930 558 2986 et
574 2920 649 2987 duni
665 2921 833 2988 dimidium
848 2943 964 3006 avene,
980 2921 1234 3008 lantphennigel
1249 2922 1283 2987 X
1299 2921 1372 2988 den.

177 3024 317 3111 Insuper
336 3023 378 3089 de
397 3027 482 3090 areis
503 3024 622 3091 dantur
643 3024 686 3090 ad
709 3024 827 3091 cellere
849 3035 994 3092 nostrum
1015 3026 1129 3091 XLVI
1147 3048 1229 3092 urna
1251 3028 1319 3092 vini
1342 3035 1375 3092 et

177 3128 408 3216 lantphennige
430 3129 464 3194 X
481 3128 566 3215 den,
589 3128 631 3194 de
653 3130 723 3195 iure
747 3129 833 3196 civili
856 3131 939 3197 sieut
962 3131 1119 3216 superius.

280 3250 319 3316 In
342 3250 429 3316 Palt:
457 3250 522 3317 VH
537 3251 697 3318 beneficia
719 3275 805 3318 nova
827 3251 869 3318 de
892 3250 1147 3318 villicationibus
1171 3251 1285 3337 divisa,
1309 3274 1372 3340 que

177 3356 323 3422 serviunt
350 3354 391 3421 de
418 3378 572 3422 mensura
594 3356 767 3443 Ypolitana
792 3357 843 3422 IX
866 3355 991 3422 modios
1019 3364 1052 3420 et
1077 3357 1110 3422 X
1133 3365 1285 3422 metretas
1312 3356 1372 3422 sili·

175 3460 270 3544 ginis,
299 3458 348 3525 IV
373 3459 496 3525 modios
529 3469 561 3525 et
590 3460 657 3524 XX
687 3470 840 3526 metretas
870 3462 976 3545 tritici,
1007 3460 1073 3525 VII
1104 3459 1227 3526 modios
1256 3482 1372 3545 avene,

175 3563 242 3629 VII
263 3585 378 3650 poreon
401 3563 453 3629 vel
476 3587 535 3650 pro
556 3586 656 3652 porco
678 3564 742 3629 XL
763 3563 849 3649 den,
873 3564 939 3630 VII
962 3586 1104 3648 anseres,
1132 3564 1235 3630 XIIII
1257 3564 1371 3651 pullos,

174 3667 375 3734 marchfuter
395 3667 464 3733 ΠΠ
479 3667 621 3755 scaphia,
642 3668 896 3755 lantphennigel
916 3668 1048 3734 LXXX
1064 3668 1149 3751 den,
1173 3668 1239 3733 VII
1254 3667 1371 3734 solidos

174 3794 324 3857 ovorum3
354 3771 476 3837 ibidem
500 3772 694 3839 Altmannus
724 3771 765 3838 de
795 3771 955 3839 beneficio
985 3775 1085 3839 servit
1113 3773 1269 3839 talentum
1296 3772 1370 3840 den.

174 3886 207 3942 et
229 3876 429 3942 marebfuter
450 3877 468 3941 I
488 3876 632 3943 modium
660 3900 796 3963 avenae,
826 3901 925 3965 super
951 3900 1091 3944 avenam
1120 3879 1154 3943 X
1177 3876 1261 3964 den,
1292 3877 1371 3943 lant·

174 3981 336 4067 phennige
363 3981 427 4046 XL
453 3981 538 4067 den,
569 3981 753 4048 Fledmizer
781 3982 822 4048 de
844 3983 879 4048 Π
906 3982 1072 4048 beneficiis
1101 3982 1256 4048 talentum
1284 3980 1369 4066 den,

174 4084 375 4151 marehfuter
385 4085 402 4149 I
414 4086 567 4172 modium,
584 4108 682 4174 super
696 4109 835 4152 avenam
847 4087 881 4151 X
894 4086 979 4171 den,
994 4085 1226 4173 lantphennige
1238 4086 1268 4150 L
1280 4085 1369 4168 dena

174 4189 370 4256 Ohunradus
398 4190 438 4256 de
467 4213 531 4257 uno
558 4191 717 4257 beneficio
744 4191 901 4257 talentum
928 4191 1013 4277 den,
1040 4190 1239 4256 marahfuter
1265 4190 1282 4255 I
1304 4212 1369 4255 me

175 4292 263 4360 dium
293 4317 428 4379 avenae,
459 4316 557 4382 super
586 4318 724 4362 avenam
755 4300 787 4360 X
811 4294 896 4379 den,
927 4294 1158 4381 lantphennige
1187 4293 1252 4359 XL
1278 4292 1368 4377 den3

175 4571 240 4627 168.
277 4576 336 4626 ‘A

265 4694 290 4727 ¹⁸
306 4697 509 4760 Mantembaeb,
527 4697 560 4750 V.
572 4697 606 4749 0.
618 4697 661 4750 W.
673 4697 716 4749 W.

227 4789 333 4833 lentat.
352 4789 383 4833 11.
392 4789 458 4834 Ibat.
474 4790 515 4833 nl.
525 4790 561 4832 Ll.
