3400 5350
353 418 418 484 290

354 610 535 677 Otacherus
566 610 671 675 dietus
698 609 800 675 abbas
824 610 1010 674 monasterii
1033 605 1288 696 Campililiorum
1312 608 1547 695 Cysterciensis

354 715 475 781 ordinis
506 724 538 780 et
569 737 627 779 nos
657 714 755 799 Hugo
786 715 968 800 prepositus
998 714 1109 779 Sancti
1140 713 1272 779 Andree
1303 714 1425 779 ordinis
1454 737 1547 799 regu·

354 818 469 885 larium
492 821 594 884 saneti
610 818 785 903 Augustini
809 829 841 883 et
865 840 925 903 ego
940 819 1118 883 Prvnricus
1141 819 1297 905 plebanus
1313 820 1345 884 in
1362 820 1548 903 Herzogen·

354 944 458 1009 purga
486 925 659 989 canonicus
686 921 807 987 ibidem
838 932 871 987 et
901 944 961 1005 ego
983 921 1139 988 Albertus
1170 922 1327 1008 plebanus
1359 924 1391 987 in
1415 922 1547 1009 Capella

354 1026 514 1110 omnibus,
544 1026 587 1091 ad
618 1048 699 1112 quos
730 1049 865 1112 presens
895 1028 1080 1113 pervenerit
1110 1029 1277 1114 scriptum,
1307 1028 1455 1113 cupimus
1478 1027 1547 1092 iore

354 1138 491 1213 notum,'
510 1130 598 1217 quod
632 1152 706 1195 cum
740 1133 850 1215 gravis
881 1131 1023 1217 quedam
1053 1133 1220 1197 contencio
1251 1138 1433 1197 verteretur
1462 1134 1548 1196 inter

355 1236 441 1300 viros
471 1234 675 1300 honorabiles
705 1235 872 1300 domiuum
896 1236 1101 1301 Dietmarum
1132 1235 1283 1301 videlicet
1312 1235 1487 1322 plebanum
1514 1236 1547 1299 in

356 1339 615 1426 Wilhalmpurga
638 1363 680 1404 ex
703 1361 768 1405 une
790 1350 884 1426 parte
907 1349 939 1405 et
962 1340 1128 1405 dominum
1144 1339 1356 1405 Chunradnm
1372 1340 1548 1426 plebanum

356 1446 388 1508 in
405 1443 562 1509 Pirchech
586 1467 628 1509 ex
650 1443 754 1509 altera
775 1456 868 1529 parte
891 1466 939 1525 eo,
963 1444 1050 1530 quod
1074 1443 1179 1508 dietus
1196 1443 1344 1510 dominus
1359 1444 1548 1509 Dietmarus

356 1570 430 1612 cum
452 1550 486 1612 in
508 1547 643 1612 eeclesia
666 1548 812 1633 predicta
835 1548 1003 1632 Pirchech,
1032 1571 1130 1634 qnam
1152 1548 1299 1633 pluribus
1323 1549 1548 1615 honestissime

356 1660 486 1716 rexerat
508 1654 613 1735 annis,
636 1654 670 1715 in
686 1652 962 1738 Wilhalmspnrch
978 1652 1162 1718 faventibus
1177 1653 1271 1719 nohis
1286 1654 1432 1739 predicto
1448 1653 1548 1718 fratre

357 1755 518 1821 Otachero
548 1756 667 1821 abbate
691 1754 944 1842 Oampililiorum
976 1757 1120 1822 eiusdem
1151 1757 1286 1823 ecclesie
1308 1759 1341 1822 in
1365 1757 1549 1823 Wilhalms-

357 1861 457 1946 purch
482 1870 618 1946 patrono
641 1869 815 1947 nostroque
838 1871 1001 1926 conventu
1024 1872 1056 1927 et
1078 1862 1218 1947 capitulo
1234 1863 1436 1941 Patariensis
1451 1862 1548 1945 sedis,

357 1988 420 2052 que
450 1987 508 2051 pro
539 1964 592 2030 illo
621 1964 761 2030 vacabat
787 1975 942 2051 tempore,
973 1975 1137 2032 annuente
1159 1989 1212 2031 res
1234 1967 1392 2052 quasdam
1415 1966 1549 2031 mobiles

357 2079 390 2134 et
408 2069 597 2152 immobiles,
619 2092 700 2155 quas
719 2071 752 2132 in
768 2069 927 2134 Pirchech
943 2071 976 2133 in
996 2073 1126 2156 propria
1146 2072 1364 2156 conquisierat
1379 2070 1548 2154 industria,

358 2194 467 2237 secum
489 2173 708 2238 transtulisset
722 2175 755 2237 in
771 2195 849 2239 usus
865 2176 1011 2259 proprios
1028 2174 1264 2240 convertendas
1280 2175 1426 2261 predicto
1442 2174 1549 2241 Chun-

357 2276 437 2342 rado
468 2276 605 2362 plebano
637 2286 801 2342 asserente
832 2280 904 2343 vice
934 2301 1030 2343 versa
1058 2278 1120 2344 hoc
1150 2278 1331 2345 nullatenus
1358 2278 1419 2344 sibi
1442 2280 1549 2362 licere,

358 2381 416 2446 sed
439 2384 546 2446 omnia
568 2381 630 2446 sihi
653 2392 686 2447 et
708 2383 843 2448 ecclesie
871 2405 928 2448 sue
950 2384 1029 2447 iuris
1052 2392 1191 2448 testante
1215 2383 1326 2449 ordine
1350 2406 1548 2449 remansura.

358 2485 506 2571 Cumque
528 2486 605 2551 hinc
625 2487 701 2552 inde
723 2486 891 2551 advocatis
915 2509 1044 2552 causam
1061 2487 1260 2571 agitantibus
1276 2487 1313 2552 lis
1330 2497 1550 2553 succreseret¹

359 2592 391 2654 in
414 2593 596 2656 inmensum
619 2591 660 2655 ab
684 2600 822 2679 utraque
846 2592 1012 2657 decretum
1035 2600 1084 2656 est
1107 2601 1209 2679 parte,
1232 2602 1269 2656 ut
1284 2595 1373 2679 pacis
1394 2594 1548 2657 caritatis·

359 2718 422 2782 qne
444 2698 563 2761 intuitu
586 2698 664 2761 iuris
688 2698 895 2782 pretermisso
918 2696 1041 2761 ambitu
1064 2719 1162 2762 causa
1185 2720 1243 2783 per
1258 2697 1385 2762 arbitrii
1402 2719 1550 2783 compen-

357 2801 445 2866 dium
469 2800 625 2865 finiretur.
664 2800 731 2865 Nos
754 2802 854 2884 igitur
877 2801 1054 2886 supradicti
1077 2800 1229 2866 videlicet
1251 2802 1352 2867 frater
1367 2801 1550 2868 Otacherus

358 2904 463 2969 dictus
486 2904 588 2969 abhas
611 2903 874 2988 (lampilileornm
898 2914 930 2969 et
952 2927 1009 2969 nos
1026 2905 1123 2988 Hugo
1146 2907 1328 2991 prepositus
1351 2906 1463 2971 Sancti
1483 2905 1550 2969 Au-

357 3011 434 3074 dree
462 3018 495 3074 et
518 3030 575 3073 nos
600 3009 777 3074 Prvnricus
800 3009 958 3094 plebanus
981 3012 1014 3073 in
1040 3010 1318 3096 Herzogenpurga
1340 3019 1372 3075 et
1394 3009 1550 3075 Albertus

358 3107 515 3199 plebanus
538 3115 582 3178 im
605 3112 792 3199 Campellab
822 3115 865 3178 ab
892 3112 1013 3177 eisdem
1041 3115 1187 3199 partibus
1210 3114 1325 3179 arbitri
1347 3113 1494 3180 absolute
1517 3124 1551 3178 et

357 3217 533 3283 liberaliter
556 3219 720 3283 constituti
736 3219 768 3281 in
785 3217 903 3282 Sancto
920 3217 1049 3303 Ypolito
1065 3240 1173 3282 coram
1190 3219 1371 3284 reverendo
1386 3228 1478 3304 patre
1495 3219 1548 3283 do-

357 3324 444 3387 mino
460 3321 613 3386 Hainrico
629 3324 792 3410 preposito
816 3321 961 3386 eiusdem
984 3321 1169 3386 monasterii
1192 3325 1225 3387 in
1249 3322 1343 3388 domo
1367 3345 1426 3389 sua
1441 3322 1550 3388 multis

359 3424 601 3492 honorabilibus
631 3425 812 3491 astantibus
842 3428 988 3511 personis
1012 3425 1169 3511 religiosis
1192 3449 1231 3491 ac
1253 3427 1378 3492 clericis
1401 3427 1550 3493 seculari·

359 3529 419 3596 bus
442 3552 567 3595 necnon
590 3530 691 3616 laycis
714 3539 840 3594 maturo
864 3530 1032 3615 prehabito
1056 3532 1188 3596 consilio
1210 3533 1314 3617 primo
1337 3541 1369 3597 et
1391 3534 1551 3619 principa-

359 3635 432 3699 liter
465 3641 609 3698 nostrum
641 3633 824 3699 huiusmodi
855 3656 939 3719 pena
969 3635 1137 3699 arbitrium
1168 3635 1322 3700 duximus
1352 3638 1387 3700 in
1416 3658 1552 3702 assensu

361 3740 500 3822 partium
531 3736 759 3821 roborandum,
786 3747 822 3802 ut
849 3740 876 3802 si
899 3740 971 3824 quis
994 3741 1027 3803 iu
1051 3740 1196 3825 partibus
1219 3739 1281 3805 hoo
1303 3742 1403 3806 nostri
1425 3742 1554 3806 arbitrii

361 3842 527 3907 decretum
551 3842 819 3907 contradiccionis
842 3864 925 3907 ausu
947 3842 1068 3908 violare
1091 3847 1332 3930 presumpserit,
1361 3867 1425 3910 non
1448 3845 1551 3909 solum

360 3969 380 4012 a
402 3947 471 4009 iure
495 3967 562 4027 suo,
585 3946 642 4010 sed
666 3954 698 4010 et
720 3945 762 4010 ab
786 3945 921 4011 ecclesie
944 3970 1001 4011 sue
1024 3946 1180 4014 beneficio
1203 3951 1271 4033 ipso
1294 3948 1380 4013 facto
1396 3959 1552 4015 vacaturo

360 4072 395 4114 se
418 4052 544 4114 noverit
567 4049 726 4114 decidisse
749 4071 788 4114 ac
803 4050 922 4114 deiude
939 4051 1025 4117 litem
1042 4054 1145 4137 ipsam
1161 4056 1401 4138 amputavimus
1416 4055 1449 4119 in
1464 4055 1553 4120 hunc

360 4153 503 4235 modum,
533 4162 569 4218 ut
598 4154 782 4238 sepedictus
813 4154 961 4221 dominus
988 4155 1205 4241 Diet(marus)
1235 4156 1393 4241 plebanus
1416 4159 1448 4220 in
1473 4158 1551 4223 Wil-

360 4258 569 4343 halmspurga
592 4258 738 4344 predicto
761 4259 892 4324 domino
915 4259 1090 4326 Chunrado
1112 4259 1249 4346 plebano
1274 4263 1305 4325 iu
1325 4262 1482 4327 Pirchech
1507 4285 1553 4326 re·

361 4365 489 4448 signare
513 4385 556 4427 ex
579 4384 665 4427 nunc
688 4362 807 4427 debeat
830 4363 911 4429 duas
935 4365 1046 4429 vineas
1069 4366 1103 4429 in
1124 4365 1346 4431 Levbenstorf
1352 4367 1364 4405 ¹
1387 4376 1420 4430 et
1442 4387 1554 4430 ornnes

362 4584 429 4640 296.
468 4599 481 4622 ⁸
499 4588 530 4639 A.
549 4593 799 4642 intimavere.
820 4618 851 4627 -
871 4593 883 4624 δ
900 4591 930 4641 Δ.
949 4597 1013 4641 statt
1035 4590 1167 4656 Coppelle.

466 4690 476 4722 ¹
494 4693 677 4752 Leobersdort
697 4693 728 4741 V.
742 4694 776 4743 U.
788 4694 828 4747 W.
840 4694 881 4741 W.
