3400 5350
1306 439 1368 503 227

277 630 349 695 Orig.
363 628 418 695 (A),
436 631 514 696 Perg.
537 630 596 680 Von
614 629 666 680 den
686 632 719 680 28
732 629 841 696 Siegeln
860 645 895 680 an
913 631 1125 683 weiss-braunsn
1137 632 1369 684 Seidsnschnuren

174 720 218 769 die
230 717 320 785 Sisgel
335 720 358 782 1,
377 720 402 780 2,
421 720 446 778 6,
465 720 489 779 7,
509 719 551 779 12,
570 719 602 768 22
621 717 787 783 abgefallen3
806 718 890 783 copie
903 719 931 768 in
944 719 1042 769 Corio
1060 719 1077 768 f.
1091 717 1153 769 364¹
1169 717 1221 787 (B).

278 840 382 904 Karlin,
401 841 452 890 349
471 856 510 890 nr.
523 841 566 891 89.

276 995 467 1062 Universis·
489 995 608 1061 Christi
631 994 780 1059 fidelibus
804 1004 971 1081 presentes
993 995 1143 1061 licterasb
1175 999 1368 1082 inspecturis

173 1123 231 1166 nos
260 1100 423 1166 Iohannes
452 1100 601 1184 Rigensis
637 1109 668 1163 et
701 1099 801 1165 frater
831 1099 969 1165 Basilius
999 1101 1281 1187 lerosolimitanus,
1317 1102 1369 1167 dei

173 1207 286 1291 gracia
319 1203 562 1290 archiepiscopi,
597 1213 630 1268 et
663 1204 859 1268 Fredericus
885 1204 1067 1291 Valuensis,
1097 1205 1199 1270 frater
1228 1206 1369 1272 Iacobus

173 1308 446 1392 Calcedoniensis,
481 1309 580 1373 frater
614 1309 748 1373 Maurus
780 1307 982 1393 Ameliensis,
1017 1309 1230 1396 Landulphus
1264 1311 1368 1374 Brixi-

173 1416 293 1498 nensis,
322 1412 423 1478 frater
452 1412 625 1477 Heinrieus
655 1411 917 1497 Redestonensis,
949 1412 1133 1500 Stephanus
1160 1414 1366 1501 Oppidensis,

172 1517 273 1582 irater
303 1516 481 1582 Rainaldus
511 1517 698 1601 Theatinus,
730 1516 872 1582 Thomas
902 1518 1090 1603 Etesiensis,
1121 1519 1259 1584 Ioannes
1287 1519 1367 1585 Imo-

172 1622 280 1704 lensis,
303 1621 455 1687 Nicolaus
479 1621 682 1707 Oapritanus,
704 1622 805 1686 frater
821 1621 993 1687 Monaldus
1008 1623 1155 1688 Civitatis
1171 1624 1366 1708 Castellane,

172 1726 312 1792 Iacobus
335 1724 546 1810 Castellanus,
574 1726 678 1791 frater
700 1725 847 1811 Angelus
870 1726 1061 1810 Fesulanus,
1092 1728 1193 1792 frater
1215 1729 1368 1794 Nicolaus

172 1829 407 1913 Turibulensis,
430 1830 530 1894 frater
549 1830 670 1916 Symon
690 1830 958 1914 Brungnatensis,
981 1830 1082 1895 frater
1097 1831 1243 1916 Angelus
1264 1833 1367 1918 Nepe-

172 1936 271 2017 sinus,
287 1933 387 1998 frater
402 1934 567 1998 Romanus
584 1932 744 2017 Oroensis,
757 1934 905 1999 Ventura
920 1933 1099 2019 Egubinus,
1116 1935 1268 2000 Nicolaus
1284 1937 1314 2000 N
1317 1958 1367 2000 eo·

173 2039 356 2122 castrensis,
379 2037 533 2102 Nicolaus
553 2038 759 2103 Botrontinus
782 2047 814 2102 et
834 2036 1049 2103 Ildebrandus
1065 2039 1228 2124 Aretinus,
1252 2040 1367 2105 eadem

170 2143 277 2228 gratia
300 2143 451 2228 episcopi,
476 2141 612 2207 salutem
635 2152 668 2206 et
690 2144 849 2206 sinceram
872 2144 906 2206 in
930 2141 1057 2208 domino
1081 2146 1257 2208 caritatem.
1294 2144 1367 2210 Glo-

172 2249 276 2312 riosus
299 2245 379 2311 deus
401 2250 434 2311 in
457 2250 577 2312 sanctis
600 2249 665 2312 suis
688 2248 721 2311 in
743 2249 887 2332 ipsorum
909 2247 1141 2333 glorificatione
1164 2249 1311 2333 gaudens
1334 2252 1367 2314 in

171 2354 379 2415 veneratione
402 2351 497 2415 beate
512 2350 616 2415 Maris
639 2372 769 2436 semper
787 2353 921 2436 virginis
938 2373 975 2415 eo
991 2352 1160 2417 iocundius
1176 2352 1366 2438 delectatur,

173 2476 236 2541 quo
258 2457 338 2541 ipsa,
361 2463 471 2540 utpote
495 2464 598 2519 mater
619 2456 688 2520 eius
712 2454 837 2538 effecta,
862 2458 979 2520 meruit
1000 2455 1094 2520 altius
1115 2460 1234 2521 sanctis
1251 2460 1366 2523 ceteris

171 2560 205 2623 in
220 2558 392 2623 celestibus
409 2558 566 2623 collocari.
599 2557 773 2643 Cupientes
795 2561 902 2644 igitur,
927 2569 961 2623 ut
976 2562 1205 2625 monasterium
1220 2563 1253 2625 in
1270 2561 1367 2627 Ohot-

173 2664 254 2728 wico
277 2662 396 2729 ordinis
420 2664 522 2728 sancti
544 2662 723 2748 Benedicti,
747 2663 949 2729 Pataviensis
972 2663 1119 2749 diocesiS,
1148 2665 1234 2752 quod
1257 2669 1290 2732 in
1313 2668 1367 2733 ho·

171 2790 249 2833 nore
287 2770 387 2855 ipsius
421 2768 558 2853 gloriose
591 2771 724 2853 virginis
759 2769 863 2834 Marie
898 2780 946 2833 cst
978 2771 1164 2855 insignitum
1197 2773 1364 2853 vocabulo,

172 2875 322 2958 congruis
352 2873 525 2939 honoribus
555 2873 787 2959 frequentetur,
816 2874 962 2938 omnibus
992 2897 1070 2938 vere
1094 2876 1310 2959 penitentibus
1334 2888 1367 2941 et

172 2978 337 3063 confessis,
365 2981 420 3064 qui
442 2977 485 3042 ad
510 2977 630 3043 dietum
652 2982 882 3042 monasterium
904 2980 936 3042 in
959 2978 1040 3043 festo
1063 2981 1239 3044 nativitatis
1262 3003 1365 3045 resur·

171 3084 322 3147 rectionis
346 3092 378 3146 et
400 3084 598 3148 ascensionis
622 3081 742 3147 domini
770 3091 802 3146 et
829 3091 1041 3167 pentecostes,
1069 3086 1101 3148 in
1125 3085 1258 3168 singulis
1281 3084 1365 3149 festi-

174 3186 325 3252 vitatibus
351 3188 451 3273 ipsins
478 3186 573 3252 beate
597 3186 700 3251 Marie
732 3209 861 3272 semper
891 3189 1034 3272 virginis,
1065 3190 1098 3252 in
1120 3188 1202 3253 festo
1225 3191 1366 3254 omnium

173 3291 389 3376 apostolorum
411 3300 444 3355 et
459 3290 741 3376 evangelistarum,
765 3294 797 3355 in
813 3293 894 3356 festo
911 3291 1078 3357 beatorum
1093 3293 1263 3358 Benedicti
1278 3293 1365 3359 Alta·

172 3395 303 3460 manni¹
326 3395 471 3460 eiusdem
493 3398 677 3461 monasterii
700 3396 879 3461 fundatoris
902 3398 1069 3462 Laurentii
1093 3397 1261 3462 Michaelis
1281 3398 1366 3464 Mar·

172 3504 228 3566 tini
250 3499 374 3565 Nicolai
397 3501 526 3565 Ioannis
549 3501 687 3586 baptiste
711 3503 851 3566 omnium
867 3511 1051 3567 sanctorum
1067 3504 1146 3567 etin
1163 3502 1365 3568 dedicatione

172 3608 272 3690 ipsius
295 3606 480 3669 monasterii
504 3615 536 3669 et
559 3616 630 3669 octo
654 3604 769 3669 diebus
793 3605 896 3670 dictas
912 3607 1101 3672 festivitates
1117 3607 1302 3671 immediate
1317 3630 1364 3670 se·

173 3708 344 3795 quentibus
373 3732 448 3774 cum
475 3708 645 3774 devotione
672 3712 869 3775 accesserint
896 3713 1061 3775 annuatim
1089 3721 1120 3775 et
1143 3734 1273 3775 manum
1296 3734 1365 3797 por·

170 3815 315 3878 rexerint
341 3813 531 3880 adiutricem
559 3814 610 3877 vel
631 3812 872 3899 quomodolibet
894 3813 935 3879 de
960 3813 1051 3879 bonis
1073 3817 1216 3900 ipsorum
1239 3838 1296 3901 pro
1319 3815 1364 3880 fa·

171 3916 262 3982 brica
283 3917 495 3982 luminaribus
518 3921 686 3982 structuris
709 3928 741 3982 et
763 3918 832 3983 aliis
856 3918 932 3983 dicti
960 3921 1144 3983 monasterii
1170 3922 1365 3984 ornamentis

172 4020 320 4086 dederint
341 4019 396 4084 vel
417 4022 562 4085 miserint
583 4043 641 4085 seu
663 4024 696 4085 in
719 4023 872 4087 extremis
888 4023 1067 4107 legaverint
1083 4021 1124 4087 de
1139 4024 1364 4107 omnipotentis

171 4244 234 4301 213.
275 4258 288 4281 ⁸
312 4248 339 4299 U
353 4248 393 4298 als
411 4248 511 4299 schons
529 4250 638 4301 initiale
656 4251 813 4317 gearbeitst.
833 4278 864 4288 -
885 4252 898 4284 b
916 4252 946 4300 Α.

274 4370 284 4402 ¹
304 4372 355 4422 Die
373 4369 454 4421 Fsior
471 4371 517 4423 des
535 4371 705 4439 Sterbetagss
723 4372 769 4423 des
788 4373 925 4424 Bischoles
943 4372 1070 4423 Altmann
1089 4388 1141 4422 von
1154 4373 1256 4423 Passau
1274 4373 1365 4423 wurde

171 4460 331 4526 alljdhrlich
350 4464 401 4512 wie
419 4478 467 4513 aus
485 4475 523 4510 nr.
538 4462 571 4509 52
590 4459 761 4526 hervorgsht‚
783 4465 848 4510 ststs
866 4475 909 4509 am
928 4461 951 4508 8.
965 4460 1070 4525 August
1087 4461 1116 4510 in
1134 4459 1268 4525 Gottweig
1286 4459 1364 4509 seier-

170 4548 224 4597 lich
242 4549 393 4614 begangen,
415 4547 501 4600 wohei
519 4547 688 4613 Speisungen
706 4563 759 4597 von
777 4547 876 4598 Armen
895 4547 1066 4607 stattfanden,
1092 4547 1194 4598 welche
1212 4548 1254 4597 his
1272 4548 1301 4596 in
1320 4547 1364 4597 die

167 4635 276 4701 jttngsts
294 4637 354 4686 Zeit
371 4637 453 4687 herab
472 4634 642 4687 bsibshaltsn
661 4634 771 4685 wurden
794 4633 867 4700 (Pes,
891 4634 1039 4699 Scriptores
1058 4634 1118 4684 Ber.
1132 4634 1220 4684 Austr.
1233 4634 1254 4693 1,
1275 4634 1362 4697 llll,

171 4720 237 4773 Acta
263 4721 429 4785 Sanctorum,
456 4738 538 4773 mens.
559 4722 626 4788 Aug.
649 4721 684 4784 11,
708 4722 774 4786 sss,
808 4721 994 4781 Wisdemann,
1021 4720 1156 4782 Altmann‚
1179 4719 1291 4771 Bischol
1311 4736 1364 4770 von

1158 4826 1208 4876 16*
