3400 5350
1286 407 1349 474 teo

258 589 393 673 Siepler:
422 591 552 656 Petrein
582 592 641 657 der
663 591 850 680 Oherspecb
874 594 928 681 (Ι.)
958 595 1025 661 und
1051 597 1165 663 Hanns
1196 597 1255 663 der
1276 600 1347 665 Rie-

156 692 312 779 der(11.),
342 701 436 760 asta
456 696 553 762 deret
574 696 678 781 Siepel
698 698 765 763 sieb
787 700 838 765 die
861 699 1197 768 Urtuadmauaetetler
1219 702 1345 769 biodeu.

258 797 399 865 Datum:
433 799 541 885 geben
564 800 678 887 (1399)
700 824 754 867 am
775 803 951 870 mittecben
972 826 1032 871 vor
1053 806 1135 871 saud
1157 807 1349 874 Pertelmes·

155 912 211 988 teg
233 901 291 969 des
314 902 454 989 heiligen
476 904 689 993 awelifpoten.

259 1097 331 1165 Orig.
352 1095 405 1167 (Α),
423 1100 500 1167 Perg.
519 1100 715 1168 feuohtfleckig.
734 1102 861 1154 Dentsch.
883 1104 956 1155 Zwei
973 1104 1062 1171 Siegel
1081 1120 1116 1156 an
1134 1105 1347 1173 Perngtreiien.

258 1238 279 1288 L
298 1238 367 1288 rund
380 1235 445 1305 (30),
462 1239 613 1307 ungeftrbt,
634 1240 705 1291 IVA
718 1243 742 1292 2.
765 1241 899 1294 Umscbr.:
917 1244 936 1306 †
953 1243 979 1295 S.
998 1243 1113 1296 Reum
1126 1259 1132 1273 ·
1146 1244 1348 1298 onessspecn.

157 1324 373 1391 Wappeuscbild‚
390 1326 459 1377 Abb.
476 1327 522 1379 bei
539 1327 697 1391 Hsntbaler‚
714 1329 778 1381 Rec.
795 1330 816 1391 Ι,
835 1331 902 1382 Tab.
915 1332 948 1381 28
967 1348 1007 1381 nr.
1019 1334 1061 1382 20.
1080 1359 1113 1370 -
1131 1333 1166 1384 11.
1186 1333 1350 1401 beschldigt

156 1411 232 1479 rond,
249 1413 399 1478 ungsftrbt,
418 1414 491 1465 Ivn
509 1417 533 1466 2.
569 1414 1185 1497 umens:[†s.1]0nn[no]ls·ssleoess„
1223 1421 1289 1472 Abb.
1304 1422 1348 1472 bei

156 1498 314 1561 Hautbaler,
331 1500 395 1551 Rec.
409 1501 445 1566 11,
463 1502 529 1552 Tub.
543 1504 576 1552 42
595 1505 689 1555 nr.19.

200 1717 275 1795 885.
828 1737 1305 1805 renouaueriuscruton.

155 1918 273 2002 Propst
301 1918 431 2004 Geram
463 1942 523 1987 ven
552 1923 599 1988 St.
622 1922 736 1989 Peneo
768 1924 859 2006 sithrt
892 1924 953 1989 den
984 1923 1099 2007 Befebl
1128 1927 1182 1992 des
1210 1926 1346 2009 Popstes

155 2023 299 2107 Bonifaa
316 2025 393 2106 IX„
420 2026 473 2091 die
494 2025 678 2092 Bedriioter
705 2028 760 2093 der
782 2027 970 2112 Go‘ttweiyer
992 2029 1180 2114 Stiftsqtiter
1201 2052 1260 2096 sur
1282 2032 1346 2097 Re-

156 2130 302 2194 stitutiou
324 2131 377 2195 des
398 2136 620 2197 coementes
635 2131 733 2198 Getes
752 2152 796 2197 cu
816 2133 875 2197 das
890 2133 972 2216 Stift
985 2155 1027 2198 su
1041 2135 1253 2217 vcualuseeu
1276 2157 1346 2203 uus.

260 2320 333 2389 Orig.
351 2321 405 2389 (A),
432 2323 508 2389 Perg.
542 2324 631 2391 Siegel
658 2339 693 2374 an
721 2326 796 2376 einer
822 2323 952 2376 violetten
974 2326 1183 2391 Seidensobnur3
1210 2327 1294 2394 Cepis
1320 2331 1349 2380 in

157 2407 255 2460 Come
272 2406 384 2460 fetet.
404 2409 458 2476 (Β).

259 2531 348 2581 Hiezn
366 2532 401 2581 ist
418 2532 479 2582 eine
496 2528 713 2598 gleicblautende
726 2532 975 2600 Originalurkunde
993 2536 1022 2584 in
1042 2534 1162 2600 glsioher
1173 2536 1350 2604 Ausstattung

156 2618 320 2684 verbanden,
337 2635 391 2669 von
409 2617 526 2671 welches
539 2619 637 2686 Jedoch
656 2620 704 2672 das
722 2620 813 2689 Siegel
831 2621 985 2689 abgstallen
1003 2623 1046 2673 ist

260 2794 434 2880 Gerungus
465 2794 576 2860 divina
597 2797 806 2880 permissione
828 2797 1013 2861 monasterii
1035 2801 1138 2863 sancti
1161 2798 1280 2884 Ypoliti
1302 2798 1347 2864 ad

157 2897 311 2965 Sanctum
327 2897 492 2985 Ypolitum
515 2902 693 2987 prepositus
715 2900 917 2966 Pataviensis
939 2900 1086 2983 diocesis,
1108 2901 1210 2967 iudex
1231 2905 1346 2970 unicus

155 3026 176 3068 e
198 3003 276 3070 sede
297 3003 473 3090 apostolica
495 3003 718 3090 [deputatus]·
741 3007 899 3070 universis
923 3015 955 3070 et
976 3005 1110 3093 singulis
1132 3006 1268 3072 dominis
1283 3006 1348 3094 ple·

155 3106 249 3173 banis
271 3107 492 3194 vicoplebanis
513 3108 693 3175 rectoribus
716 3108 925 3175 ecclesiarum
947 3112 1076 3176 vicariis
1095 3132 1153 3176 seu
1168 3110 1347 3178 locatenen·

154 3211 241 3278 tibus
263 3212 440 3278 eorundem
461 3234 501 3278 ac
523 3211 723 3300 presbyteris
746 3225 779 3279 et
793 3214 990 3301 cappellanis
1004 3236 1064 3301 per
1079 3217 1288 3302 provinciam,
1304 3219 1346 3283 oi-

157 3318 272 3382 vitates
295 3327 328 3382 et
350 3316 496 3382 dioceses
517 3315 810 3404 saltzburgensem
833 3327 866 3382 et
884 3318 1112 3385 Pataviensem
1135 3319 1348 3407 omnibusque

156 3421 226 3486 aliis
249 3431 281 3487 et
303 3421 438 3508 singulis
461 3422 542 3487 alias
565 3421 700 3487 ubilibet
722 3424 911 3505 constitutis,
943 3425 998 3509 qui
1020 3424 1224 3509 presentibus
1245 3428 1349 3512 requi·

157 3528 207 3591 siti
235 3526 356 3591 fuerint
384 3549 442 3592 seu
471 3526 569 3592 fuerit
597 3528 780 3613 requisitus,
804 3537 836 3592 et
858 3525 990 3593 cuilibet
1012 3549 1123 3593 eorum
1146 3531 1179 3594 in
1202 3529 1348 3614 solidum,

156 3634 264 3717 itaque
294 3631 376 3697 alter
405 3630 542 3698 alterum
572 3653 636 3697 non
667 3643 836 3718 exspectet
864 3654 926 3698 nec
956 3655 1040 3698 unus
1069 3656 1128 3720 pro
1150 3634 1213 3700 alio
1236 3657 1270 3700 se
1294 3659 1349 3701 ex·

157 3747 257 3820 emet,
280 3735 417 3802 salutem
438 3738 472 3802 in
495 3735 623 3802 domiuo
646 3745 679 3801 et
700 3739 815 3802 nostris
838 3759 915 3824 ymo
934 3740 1042 3804 verius
1058 3738 1239 3825 apostolicis
1253 3738 1348 3805 infra-

156 3842 281 3926 scriptis
303 3840 464 3906 mandatis
485 3842 620 3906 firmiter
641 3840 786 3907 obedire.
808 3842 950 3908 Litteras
965 3845 1157 3909 sanctissimi
1172 3847 1206 3908 in
1222 3842 1348 3912 Christo

155 3947 255 4031 patris
285 3968 324 4011 ac
354 3945 475 4011 domini
509 3948 619 4031 nostri,
655 3945 775 4012 domini
805 3947 963 4012 Bonifatii
997 3947 1109 4013 divina
1141 3948 1349 4035 providencia

155 4071 239 4139 pape
270 4053 354 4133 noni,
385 4054 454 4116 eius
484 4074 563 4117 vera
590 4050 681 4117 bulla
710 4050 863 4136 plumbea
893 4053 927 4117 in
948 4052 1083 4118 cordula
1105 4056 1237 4140 canapis
1259 4075 1349 4119 more

156 4154 301 4221 Romane
331 4157 420 4221 curie
451 4155 589 4222 bullatas
618 4178 682 4221 non
712 4158 846 4222 viciatas
874 4178 939 4222 non
969 4156 1103 4224 abrasas
1131 4180 1197 4223 non
1226 4157 1349 4224 coucel-

155 4257 236 4326 latus
265 4282 329 4326 non
360 4260 494 4326 abolitas
524 4283 588 4326 non
619 4271 786 4347 corruptas
816 4283 879 4326 nec
909 4264 942 4326 in
971 4261 1080 4349 aliqua
1108 4264 1159 4327 sui
1184 4272 1277 4350 parte
1299 4285 1349 4328 su·

156 4375 292 4451 spectas,
317 4365 375 4430 sed
398 4368 483 4430 omni
506 4387 638 4451 prorsus
660 4367 744 4431 vicio
767 4375 799 4431 et
821 4367 1002 4453 suspicione
1023 4376 1170 4432 carentes
1185 4366 1276 4433 nobis
1291 4390 1350 4455 per

155 4469 375 4536 venerabilem
396 4470 560 4535 dominum
576 4470 752 4537 Iohannem
768 4470 920 4536 abbatem
935 4474 1120 4537 monasterii
1135 4474 1168 4536 in
1184 4472 1350 4538 Obbtwico

156 4693 222 4750 88b.
257 4706 271 4732 ⁸
288 4698 364 4748 Naoh
383 4698 442 4749 dem
461 4697 545 4749 Since
563 4702 681 4764 ergtnat.
