3400 5350
1295 419 1355 484 191

265 616 338 682 Orig.
357 615 411 685 (A),
433 618 510 682 Perg.
534 616 731 683 feucbtflecltig.
767 615 858 681 Siegsl
881 630 916 667 an
939 616 1026 667 cinam
1049 614 1254 681 Psrg.·Streifen
1276 615 1355 679 ange

161 703 258 768 fallam
276 702 360 769 Copia
378 705 406 754 in
425 703 524 754 (lodo
542 704 561 754 f.
574 705 624 754 aot
643 702 697 770 (B).

265 893 514 960 Wernhardus¹
538 892 589 958 dei
613 895 719 978 gratia
735 891 869 958 ecclesie
886 893 1089 958 Pataviensis
1105 895 1274 978 episcopus
1289 894 1356 958 uni·

163 1001 265 1064 versis
288 998 409 1064 Christi
439 996 589 1064 fidelibus
620 997 756 1063 salutem
779 1000 813 1062 in
835 999 979 1064 omnium
1004 996 1165 1063 salvatore
1188 997 1357 1062 salvatoris

163 1105 263 1169 nostri
286 1103 361 1167 Iesu
384 1101 515 1185 Christi,
546 1104 602 1189 qui
633 1102 735 1167 verbo
765 1104 887 1188 pariter
916 1111 949 1166 et
979 1101 1128 1188 exemplo
1159 1101 1201 1166 ad
1229 1102 1358 1187 pietatis

163 1215 196 1272 et
225 1206 446 1272 misericordie
476 1228 575 1292 opera
606 1229 664 1272 nos
693 1208 820 1271 invitat.
868 1205 1043 1292 Cupientes
1073 1207 1196 1271 monita
1225 1214 1258 1269 et
1287 1226 1357 1290 pre-

163 1320 266 1398 cepta,
290 1320 445 1398 quantum
468 1310 602 1397 abipso
626 1311 738 1377 datore
761 1312 865 1376 omnis
888 1310 964 1376 boni
989 1310 1100 1377 datum
1120 1320 1153 1376 et
1168 1332 1356 1376 concessum

163 1416 255 1481 nohis
276 1415 384 1497 fuerit,
411 1417 531 1480 imitari
554 1415 703 1482 omnibus
726 1418 787 1502 piis
810 1415 889 1480 locis
913 1425 945 1480 et
967 1414 1125 1501 religiosis
1148 1425 1182 1480 et
1204 1416 1357 1501 precipue

162 1522 194 1585 in
224 1529 334 1585 nostra
364 1519 494 1606 dyocesi
526 1521 708 1586 constitutis
739 1519 879 1604 benigno
908 1518 1021 1585 favore
1048 1528 1081 1584 et
1113 1521 1265 1604 congruis
1287 1541 1358 1606 pro·

163 1623 361 1691 mocionibus
387 1624 503 1690 adesse
532 1624 693 1708 volumus,
728 1634 886 1710 quantum
919 1645 1090 1709 possumus
1125 1633 1157 1689 et
1190 1623 1357 1690 debemus.

162 1728 353 1794 Nostrorum
376 1751 454 1794 vero
477 1728 745 1815 predecessorum
761 1727 920 1815 exemplis
935 1730 1094 1811 instructi,
1118 1730 1173 1815 qui
1189 1727 1358 1794 ecclesiam

164 1842 274 1898 sancte
297 1832 401 1897 Marie
428 1834 461 1897 in
485 1832 652 1898 Chttwioo
680 1832 803 1898 ordinis
832 1834 935 1899 sancti
958 1832 1128 1898 Benedicti
1151 1843 1259 1898 nostre
1282 1831 1358 1920 dyo

163 1939 245 2002 cesis
267 1938 406 2023 propriis
429 1937 612 2023 sumptibus
635 1959 655 2001 a
677 1939 823 2023 primevo
843 1945 990 2023 tempore
1006 1945 1268 2019 construxerunt,
1290 1946 1359 2002 ton·

164 2040 236 2106 dem
267 2043 372 2127 ipsam
403 2040 574 2107 ecclesiam
603 2042 665 2127 piis
695 2041 885 2107 muneribus
915 2063 954 2107 ac
977 2041 1104 2107 devotis
1127 2040 1358 2107 donacionibus

163 2144 369 2225 dotaverunt,
397 2144 576 2230 predictam
605 2144 774 2210 ecclesiam
802 2155 834 2209 et
862 2147 979 2210 nostris
1006 2145 1172 2210 beneficiis
1200 2145 1358 2234 honorare

164 2270 292 2335 semper
315 2249 512 2315 intendimus
540 2259 572 2314 et
598 2250 641 2315 ad
668 2250 863 2316 obtinendas
890 2250 1082 2335 largicioncs
1106 2259 1138 2314 et
1160 2249 1318 2315 beneficia
1339 2273 1360 2314 a

163 2352 420 2440 quibuscumque
437 2353 558 2420 Christi
573 2352 732 2439 fidelibus,
750 2363 909 2442 qnantum
924 2376 997 2421 cum
1015 2354 1075 2420 deo
1090 2375 1272 2441 possumus,
1287 2376 1358 2440 pro·

162 2479 303 2522 movere.
336 2456 532 2544 Cupientes·
555 2460 663 2544 igitur,
687 2457 892 2545 utpredicta
915 2458 1052 2524 ecclesia
1067 2460 1218 2543 congruis
1234 2458 1359 2523 honori·

161 2562 222 2628 hus
238 2562 463 2649 frequentetur
479 2562 627 2628 omnibus
650 2585 728 2629 vere
750 2563 969 2650 penitentibus
992 2574 1024 2629 et
1047 2563 1213 2645 confessis,
1237 2565 1292 2649 qui
1315 2562 1358 2627 ad

163 2667 285 2732 dictum
311 2669 544 2733 monasterium
571 2669 604 2732 in
632 2667 864 2734 festivitatibus
888 2667 1079 2755 subscriptis
1102 2666 1254 2734 videlicet
1277 2669 1357 2733 uati-

162 2772 273 2836 vitatis
297 2771 430 2857 domini,
454 2774 699 2838 resurrectionis
723 2783 755 2839 et
777 2775 984 2856 ascensionis,
1008 2775 1041 2838 in
1061 2772 1206 2838 adventu
1226 2774 1358 2859 spiritus

163 2879 266 2941 sancti
288 2874 445 2963 paracliti,
468 2878 503 2941 in
525 2877 659 2962 singulis
681 2877 773 2943 festis
795 2877 890 2943 beate
913 2878 1018 2942 Marie
1041 2879 1176 2962 virginis
1199 2899 1238 2941 ac
1253 2885 1358 2963 patro·

162 3002 279 3046 norum
309 2980 507 3066 siugulorum
537 2980 688 3047 altarium
718 2981 849 3066 ibidem,
880 2985 913 3046 iu
943 2983 1166 3046 anniversario
1193 2980 1247 3045 die
1271 2980 1358 3045 dedi·

163 3086 304 3149 nacionis
334 3087 521 3150 monasterii
551 3087 720 3150 memorati
750 3095 848 3172 atque
877 3107 937 3172 per
959 3093 1091 3150 octavas
1114 3084 1270 3149 festorum
1293 3106 1357 3148 om-

162 3189 252 3253 nium
275 3188 494 3274 predictorum
518 3211 616 3255 causa
640 3188 825 3256 devocionis
847 3192 1045 3256 accesserint
1067 3189 1120 3255 vel
1142 3189 1186 3254 ad
1200 3188 1356 3253 fabricam

163 3291 280 3378 prefati
303 3295 488 3358 monasterii
511 3315 626 3359 manus
641 3296 847 3379 porrexerint
861 3293 1047 3377 adiutrices,
1072 3292 1113 3358 de
1129 3295 1357 3379 omnipotentis

163 3396 216 3461 dei
238 3397 460 3462 misericordia
483 3407 515 3462 et
530 3396 618 3462 beati
634 3398 791 3484 Stephani
806 3399 1077 3486 prothomartyris
1092 3400 1270 3484 patrocinio
1286 3419 1359 3462 con·

162 3500 213 3565 fisi
240 3501 458 3588 quadraginta
486 3500 555 3567 dies
583 3501 624 3567 de
652 3505 798 3569 iniuncta
820 3504 881 3569 sihi
904 3505 1083 3590 penitentia
1105 3502 1358 3568 misericorditer

163 3606 195 3669 in
226 3603 356 3669 domino
388 3603 573 3672 relaxamus
602 3615 689 3672 ratas
719 3609 853 3693 insuper
884 3617 916 3672 et
942 3617 1052 3692 gratas
1075 3606 1233 3672 habentes
1256 3605 1357 3671 indul-

163 3711 304 3794 gencias,
336 3732 417 3797 quas
447 3709 619 3775 reverendi
649 3712 682 3776 in
706 3710 834 3777 Christo
863 3721 972 3797 patres
994 3734 1034 3776 ac
1057 3711 1178 3777 domini
1201 3711 1356 3796 archiepi-

163 3815 262 3899 scopi,
297 3815 439 3900 episcopi
474 3812 736 3881 benefactoribus
773 3815 919 3901 predicte
957 3815 1091 3881 ecclesie
1129 3824 1358 3881 concesserunt

163 3915 368 4002 presentibus
390 3927 547 4004 perpetuo
570 3917 727 3986 valituris.
758 3919 881 3985 Datum
905 3920 1106 4005 Neunburge
1128 3941 1213 3985 anno
1237 3920 1357 3985 domini

163 4019 389 4086 MCOLXXX
413 4025 538 4106 octavo,
561 4023 672 4087 XIIII.
689 4022 847 4089 kalendas
870 4027 993 4089 marcii.

164 4295 224 4350 ltt.
262 4308 275 4333 ·
293 4298 385 4348 Dnrch
403 4297 495 4350 hlaine
512 4299 590 4350 Risse
608 4300 635 4349 in
654 4298 702 4351 dar
720 4300 854 4352 mittlcrcn
873 4301 1048 4354 Breitenfalte
1067 4308 1149 4353 etwas
1167 4308 1285 4354 sersttrt.

268 4435 433 4489 ¹Bsrnhard
460 4455 514 4489 von
541 4439 700 4501 Prambach,
729 4442 796 4492 1285
823 4442 880 4493 Mai
911 4469 943 4479 -
973 4443 991 4508 †
1016 4444 1082 4492 1313
1106 4442 1165 4492 Juli
1189 4444 1222 4493 27
1250 4441 1358 4508 (Eubel,

165 4524 303 4576 Hierarch.
322 4524 396 4593 412).
