<?xml version="1.0" encoding="UTF-8"?>
<!DOCTYPE html PUBLIC "-//W3C//DTD XHTML 1.0 Transitional//EN"
    "http://www.w3.org/TR/xhtml1/DTD/xhtml1-transitional.dtd">
<html xmlns="http://www.w3.org/1999/xhtml" xml:lang="en" lang="en">
 <head>
  <title>
</title>
<meta http-equiv="Content-Type" content="text/html;charset=utf-8" />
  <meta name='ocr-system' content='tesseract 3.04.00' />
  <meta name='ocr-capabilities' content='ocr_page ocr_carea ocr_par ocr_line ocrx_word'/>
</head>
<body>
  <div class='ocr_page' id='page_1' title='image "./fontesrerumaust01unkngoog_0161.png"; bbox 0 0 3400 5350; ppageno 0'>
   <div class='ocr_carea' id='block_1_1' title="bbox 356 368 417 434">
    <p class='ocr_par' dir='ltr' id='par_1_1' title="bbox 356 368 417 434">
     <span class='ocr_line' id='line_1_1' title="bbox 356 368 417 434; baseline 0.016 -1"><span class='ocrx_word' id='word_1_1' title='bbox 356 368 417 434; x_wconf 81' lang='lat'>136</span> 
     </span>
    </p>
   </div>
   <div class='ocr_carea' id='block_1_2' title="bbox 353 561 1549 875">
    <p class='ocr_par' dir='ltr' id='par_1_2' title="bbox 353 561 1549 875">
     <span class='ocr_line' id='line_1_2' title="bbox 457 561 1549 629; baseline -0.001 -16"><span class='ocrx_word' id='word_1_2' title='bbox 457 564 489 614; x_wconf 88' lang='lat' dir='ltr'>In</span> <span class='ocrx_word' id='word_1_3' title='bbox 511 562 558 614; x_wconf 86' lang='lat' dir='ltr'>dor</span> <span class='ocrx_word' id='word_1_4' title='bbox 580 562 690 615; x_wconf 76' lang='lat' dir='ltr'><strong>rechten</strong></span> <span class='ocrx_word' id='word_1_5' title='bbox 711 562 787 614; x_wconf 82' lang='lat' dir='ltr'>Ecko</span> <span class='ocrx_word' id='word_1_6' title='bbox 809 561 857 613; x_wconf 85' lang='lat' dir='ltr'>des</span> <span class='ocrx_word' id='word_1_7' title='bbox 874 563 964 629; x_wconf 83' lang='lat' dir='ltr'>Buges</span> <span class='ocrx_word' id='word_1_8' title='bbox 985 563 1022 614; x_wconf 87' lang='lat' dir='ltr'>ist</span> <span class='ocrx_word' id='word_1_9' title='bbox 1043 562 1190 614; x_wconf 85' lang='lat' dir='ltr'>vermerkt:</span> <span class='ocrx_word' id='word_1_10' title='bbox 1219 562 1347 614; x_wconf 69' lang='lat' dir='ltr'>rosam</span> <span class='ocrx_word' id='word_1_11' title='bbox 1369 562 1459 615; x_wconf 71' lang='lat' dir='ltr'>Panto.</span> <span class='ocrx_word' id='word_1_12' title='bbox 1495 561 1549 612; x_wconf 82' lang='lat' dir='ltr'>Ant</span> 
     </span>
     <span class='ocr_line' id='line_1_3' title="bbox 353 650 1547 770; baseline -0.002 -34"><span class='ocrx_word' id='word_1_13' title='bbox 353 686 401 737; x_wconf 68' lang='lat' dir='ltr'>sor</span> <span class='ocrx_word' id='word_1_14' title='bbox 417 685 563 737; x_wconf 59' lang='lat' dir='ltr'>souare</span> <span class='ocrx_word' id='word_1_15' title='bbox 581 686 610 735; x_wconf 76' lang='lat' dir='ltr'>n</span> <span class='ocrx_word' id='word_1_16' title='bbox 627 685 675 735; x_wconf 69' lang='lat' dir='ltr'>rer</span> <span class='ocrx_word' id='word_1_17' title='bbox 692 685 770 736; x_wconf 68' lang='lat' dir='ltr'>mco</span> <span class='ocrx_word' id='word_1_18' title='bbox 787 684 835 735; x_wconf 68' lang='lat' dir='ltr'>noi</span> <span class='ocrx_word' id='word_1_19' title='bbox 852 685 952 736; x_wconf 63' lang='lat' dir='ltr'>ossen</span> <span class='ocrx_word' id='word_1_20' title='bbox 969 685 1089 737; x_wconf 67' lang='lat' dir='ltr'>muru:</span> <span class='ocrx_word' id='word_1_21' title='bbox 1114 650 1282 770; x_wconf 36' lang='lat'>&amp;2223</span> <span class='ocrx_word' id='word_1_22' title='bbox 1297 685 1328 750; x_wconf 59' lang='grc' dir='ltr'>ῃ</span> <span class='ocrx_word' id='word_1_23' title='bbox 1350 687 1380 736; x_wconf 73' lang='lat' dir='ltr'>in</span> <span class='ocrx_word' id='word_1_24' title='bbox 1403 684 1452 736; x_wconf 70' lang='lat' dir='ltr'>rer</span> <span class='ocrx_word' id='word_1_25' title='bbox 1469 684 1547 735; x_wconf 65' lang='lat' dir='ltr'>uros</span> 
     </span>
     <span class='ocr_line' id='line_1_4' title="bbox 353 806 1321 875; baseline 0.001 -18"><span class='ocrx_word' id='word_1_26' title='bbox 353 824 407 859; x_wconf 87' lang='lat' dir='ltr'>von</span> <span class='ocrx_word' id='word_1_27' title='bbox 424 807 628 875; x_wconf 80' lang='lat' dir='ltr'>gleichzeitiger</span> <span class='ocrx_word' id='word_1_28' title='bbox 644 807 739 859; x_wconf 85' lang='lat' dir='ltr'>Hand:</span> <span class='ocrx_word' id='word_1_29' title='bbox 758 807 923 859; x_wconf 78' lang='lat' dir='ltr'>Innocencim</span> <span class='ocrx_word' id='word_1_30' title='bbox 940 813 1048 872; x_wconf 72' lang='lat' dir='ltr'>precrtoe</span> <span class='ocrx_word' id='word_1_31' title='bbox 1065 806 1241 874; x_wconf 73' lang='lat' dir='ltr'>quadrapc&#39;nto</span> <span class='ocrx_word' id='word_1_32' title='bbox 1258 806 1321 858; x_wconf 69' lang='lat' dir='ltr'>dico.</span> 
     </span>
    </p>
   </div>
   <div class='ocr_carea' id='block_1_3' title="bbox 355 996 1552 2025">
    <p class='ocr_par' dir='ltr' id='par_1_3' title="bbox 355 996 1552 2025">
     <span class='ocr_line' id='line_1_5' title="bbox 457 996 1549 1087; baseline -0.002 -22"><span class='ocrx_word' id='word_1_33' title='bbox 457 999 738 1087; x_wconf 54' lang='lat' dir='ltr'>{Innocentius}</span> <span class='ocrx_word' id='word_1_34' title='bbox 767 1001 948 1085; x_wconf 88' lang='lat' dir='ltr'>episcopus,</span> <span class='ocrx_word' id='word_1_35' title='bbox 979 1021 1094 1064; x_wconf 87' lang='lat' dir='ltr'>servus</span> <span class='ocrx_word' id='word_1_36' title='bbox 1123 1020 1292 1064; x_wconf 86' lang='lat' dir='ltr'>servorum</span> <span class='ocrx_word' id='word_1_37' title='bbox 1325 997 1388 1083; x_wconf 89' lang='lat' dir='ltr'>dei,</span> <span class='ocrx_word' id='word_1_38' title='bbox 1424 996 1549 1063; x_wconf 86' lang='lat' dir='ltr'>dilectis</span> 
     </span>
     <span class='ocr_line' id='line_1_6' title="bbox 355 1101 1550 1170; baseline -0.002 -1"><span class='ocrx_word' id='word_1_39' title='bbox 355 1104 428 1170; x_wconf 85' lang='lat' dir='ltr'>filiis</span> <span class='ocrx_word' id='word_1_40' title='bbox 455 1103 567 1170; x_wconf 85' lang='lat' dir='ltr'>abbati</span> <span class='ocrx_word' id='word_1_41' title='bbox 594 1112 627 1169; x_wconf 90' lang='lat' dir='ltr'>et</span> <span class='ocrx_word' id='word_1_42' title='bbox 649 1105 823 1169; x_wconf 89' lang='lat' dir='ltr'>conventui</span> <span class='ocrx_word' id='word_1_43' title='bbox 845 1106 1031 1169; x_wconf 89' lang='lat' dir='ltr'>monasterii</span> <span class='ocrx_word' id='word_1_44' title='bbox 1054 1112 1165 1168; x_wconf 83' lang='lat' dir='ltr'>sancte</span> <span class='ocrx_word' id='word_1_45' title='bbox 1188 1103 1291 1168; x_wconf 84' lang='lat' dir='ltr'>Marie</span> <span class='ocrx_word' id='word_1_46' title='bbox 1315 1101 1550 1168; x_wconf 77' lang='lat' dir='ltr'>Obottuicensis</span> 
     </span>
     <span class='ocr_line' id='line_1_7' title="bbox 356 1207 1549 1294; baseline -0.002 -20"><span class='ocrx_word' id='word_1_47' title='bbox 356 1209 475 1275; x_wconf 86' lang='lat' dir='ltr'>ordinis</span> <span class='ocrx_word' id='word_1_48' title='bbox 506 1210 609 1274; x_wconf 88' lang='lat' dir='ltr'>sancti</span> <span class='ocrx_word' id='word_1_49' title='bbox 630 1207 800 1274; x_wconf 80' lang='lat' dir='ltr'>Benedicti</span> <span class='ocrx_word' id='word_1_50' title='bbox 823 1209 1025 1274; x_wconf 85' lang='lat' dir='ltr'>Pataviensis</span> <span class='ocrx_word' id='word_1_51' title='bbox 1055 1208 1181 1274; x_wconf 88' lang='lat' dir='ltr'>docesis</span> <span class='ocrx_word' id='word_1_52' title='bbox 1212 1208 1350 1274; x_wconf 89' lang='lat' dir='ltr'>salutem</span> <span class='ocrx_word' id='word_1_53' title='bbox 1372 1217 1405 1272; x_wconf 89' lang='lat' dir='ltr'>et</span> <span class='ocrx_word' id='word_1_54' title='bbox 1426 1218 1549 1294; x_wconf 77' lang='lat' dir='ltr'>aposto</span> 
     </span>
     <span class='ocr_line' id='line_1_8' title="bbox 355 1311 1549 1398; baseline -0.003 -19"><span class='ocrx_word' id='word_1_55' title='bbox 355 1313 451 1379; x_wconf 86' lang='lat' dir='ltr'>licam</span> <span class='ocrx_word' id='word_1_56' title='bbox 478 1313 747 1379; x_wconf 80' lang='lat' dir='ltr'>benedictionem.</span> <span class='ocrx_word' id='word_1_57' title='bbox 793 1313 888 1378; x_wconf 82' lang='lat' dir='ltr'>Licet</span> <span class='ocrx_word' id='word_1_58' title='bbox 909 1314 946 1398; x_wconf 91' lang='lat' dir='ltr'>is,</span> <span class='ocrx_word' id='word_1_59' title='bbox 970 1312 1012 1378; x_wconf 91' lang='lat' dir='ltr'>de</span> <span class='ocrx_word' id='word_1_60' title='bbox 1035 1316 1126 1377; x_wconf 86' lang='lat' dir='ltr'>cuius</span> <span class='ocrx_word' id='word_1_61' title='bbox 1147 1335 1282 1379; x_wconf 87' lang='lat' dir='ltr'>munere</span> <span class='ocrx_word' id='word_1_62' title='bbox 1304 1313 1403 1395; x_wconf 86' lang='lat' dir='ltr'>venit,</span> <span class='ocrx_word' id='word_1_63' title='bbox 1432 1320 1468 1377; x_wconf 89' lang='lat' dir='ltr'>ut</span> <span class='ocrx_word' id='word_1_64' title='bbox 1490 1311 1549 1377; x_wconf 90' lang='lat' dir='ltr'>sibi</span> 
     </span>
     <span class='ocr_line' id='line_1_9' title="bbox 356 1415 1550 1503; baseline -0.003 -20"><span class='ocrx_word' id='word_1_65' title='bbox 356 1441 376 1483; x_wconf 91' lang='lat' dir='ltr'>a</span> <span class='ocrx_word' id='word_1_66' title='bbox 409 1416 560 1482; x_wconf 89' lang='lat' dir='ltr'>fidelibus</span> <span class='ocrx_word' id='word_1_67' title='bbox 594 1419 660 1482; x_wconf 89' lang='lat' dir='ltr'>suis</span> <span class='ocrx_word' id='word_1_68' title='bbox 694 1416 792 1503; x_wconf 83' lang='lat' dir='ltr'>digne</span> <span class='ocrx_word' id='word_1_69' title='bbox 825 1440 866 1482; x_wconf 84' lang='lat' dir='ltr'>ac</span> <span class='ocrx_word' id='word_1_70' title='bbox 899 1415 1125 1482; x_wconf 78' lang='lat' dir='ltr'>laudabiliter·</span> <span class='ocrx_word' id='word_1_71' title='bbox 1159 1419 1319 1482; x_wconf 86' lang='lat' dir='ltr'>serviatur</span> <span class='ocrx_word' id='word_1_72' title='bbox 1353 1416 1393 1481; x_wconf 91' lang='lat' dir='ltr'>de</span> <span class='ocrx_word' id='word_1_73' title='bbox 1428 1415 1550 1480; x_wconf 81' lang='lat' dir='ltr'>habun-</span> 
     </span>
     <span class='ocr_line' id='line_1_10' title="bbox 357 1519 1551 1609; baseline -0.003 -23"><span class='ocrx_word' id='word_1_74' title='bbox 357 1521 490 1586; x_wconf 73' lang='lat' dir='ltr'>dantiab</span> <span class='ocrx_word' id='word_1_75' title='bbox 513 1523 640 1609; x_wconf 86' lang='lat' dir='ltr'>pietatis</span> <span class='ocrx_word' id='word_1_76' title='bbox 663 1543 731 1607; x_wconf 90' lang='lat' dir='ltr'>sue,</span> <span class='ocrx_word' id='word_1_77' title='bbox 754 1543 818 1607; x_wconf 88' lang='lat' dir='ltr'>que</span> <span class='ocrx_word' id='word_1_78' title='bbox 839 1522 956 1586; x_wconf 85' lang='lat' dir='ltr'>merita</span> <span class='ocrx_word' id='word_1_79' title='bbox 978 1520 1159 1607; x_wconf 87' lang='lat' dir='ltr'>supplicum</span> <span class='ocrx_word' id='word_1_80' title='bbox 1182 1519 1313 1586; x_wconf 83' lang='lat' dir='ltr'>excedit</span> <span class='ocrx_word' id='word_1_81' title='bbox 1328 1530 1361 1586; x_wconf 82' lang='lat' dir='ltr'>et</span> <span class='ocrx_word' id='word_1_82' title='bbox 1374 1529 1451 1586; x_wconf 86' lang='lat' dir='ltr'>vota</span> <span class='ocrx_word' id='word_1_83' title='bbox 1465 1519 1551 1584; x_wconf 87' lang='lat' dir='ltr'>bene</span> 
     </span>
     <span class='ocr_line' id='line_1_11' title="bbox 356 1624 1550 1713; baseline -0.003 -22"><span class='ocrx_word' id='word_1_84' title='bbox 356 1626 567 1691; x_wconf 87' lang='lat' dir='ltr'>servientibus</span> <span class='ocrx_word' id='word_1_85' title='bbox 596 1625 696 1691; x_wconf 85' lang='lat' dir='ltr'>multo</span> <span class='ocrx_word' id='word_1_86' title='bbox 725 1627 847 1691; x_wconf 82' lang='lat' dir='ltr'>maiora</span> <span class='ocrx_word' id='word_1_87' title='bbox 875 1625 1043 1709; x_wconf 83' lang='lat' dir='ltr'>retribuat,</span> <span class='ocrx_word' id='word_1_88' title='bbox 1075 1648 1172 1713; x_wconf 83' lang='lat' dir='ltr'>quam</span> <span class='ocrx_word' id='word_1_89' title='bbox 1203 1624 1334 1691; x_wconf 86' lang='lat' dir='ltr'>valeant</span> <span class='ocrx_word' id='word_1_90' title='bbox 1362 1626 1550 1711; x_wconf 87' lang='lat' dir='ltr'>promereri,</span> 
     </span>
     <span class='ocr_line' id='line_1_12' title="bbox 358 1728 1552 1817; baseline -0.002 -22"><span class='ocrx_word' id='word_1_91' title='bbox 358 1732 524 1817; x_wconf 88' lang='lat' dir='ltr'>cupientes</span> <span class='ocrx_word' id='word_1_92' title='bbox 546 1740 656 1795; x_wconf 85' lang='lat' dir='ltr'>tamen</span> <span class='ocrx_word' id='word_1_93' title='bbox 678 1729 816 1795; x_wconf 88' lang='lat' dir='ltr'>reddere</span> <span class='ocrx_word' id='word_1_94' title='bbox 840 1730 969 1796; x_wconf 88' lang='lat' dir='ltr'>domino</span> <span class='ocrx_word' id='word_1_95' title='bbox 991 1730 1144 1816; x_wconf 88' lang='lat' dir='ltr'>populum</span> <span class='ocrx_word' id='word_1_96' title='bbox 1167 1728 1411 1815; x_wconf 75' lang='lat' dir='ltr'>acceptabilem,</span> <span class='ocrx_word' id='word_1_97' title='bbox 1438 1728 1552 1794; x_wconf 90' lang='lat' dir='ltr'>fideles</span> 
     </span>
     <span class='ocr_line' id='line_1_13' title="bbox 358 1833 1552 1922; baseline -0.002 -22"><span class='ocrx_word' id='word_1_98' title='bbox 358 1833 476 1900; x_wconf 78' lang='lat' dir='ltr'>Christi</span> <span class='ocrx_word' id='word_1_99' title='bbox 502 1834 545 1899; x_wconf 94' lang='lat' dir='ltr'>ad</span> <span class='ocrx_word' id='word_1_100' title='bbox 573 1834 830 1921; x_wconf 91' lang='lat' dir='ltr'>conplacendum</span> <span class='ocrx_word' id='word_1_101' title='bbox 859 1837 888 1900; x_wconf 92' lang='lat' dir='ltr'>ei</span> <span class='ocrx_word' id='word_1_102' title='bbox 911 1837 1003 1922; x_wconf 89' lang='lat' dir='ltr'>quasi</span> <span class='ocrx_word' id='word_1_103' title='bbox 1026 1834 1221 1922; x_wconf 86' lang='lat' dir='ltr'>quibusdam</span> <span class='ocrx_word' id='word_1_104' title='bbox 1242 1835 1389 1901; x_wconf 82' lang='lat' dir='ltr'>illectivis</span> <span class='ocrx_word' id='word_1_105' title='bbox 1411 1836 1552 1921; x_wconf 85' lang='lat' dir='ltr'>premiis,</span> 
     </span>
     <span class='ocr_line' id='line_1_14' title="bbox 359 1937 1552 2025; baseline 0.001 -23"><span class='ocrx_word' id='word_1_106' title='bbox 359 1938 567 2025; x_wconf 85' lang='lat' dir='ltr'>indulgentiis</span> <span class='ocrx_word' id='word_1_107' title='bbox 597 1939 719 2004; x_wconf 88' lang='lat' dir='ltr'>scilicet</span> <span class='ocrx_word' id='word_1_108' title='bbox 748 1948 780 2004; x_wconf 87' lang='lat' dir='ltr'>et</span> <span class='ocrx_word' id='word_1_109' title='bbox 808 1940 1050 2005; x_wconf 84' lang='lat' dir='ltr'>remissionibus</span> <span class='ocrx_word' id='word_1_110' title='bbox 1071 1942 1255 2018; x_wconf 86' lang='lat' dir='ltr'>invitamus,</span> <span class='ocrx_word' id='word_1_111' title='bbox 1278 1949 1315 2005; x_wconf 89' lang='lat' dir='ltr'>ut</span> <span class='ocrx_word' id='word_1_112' title='bbox 1337 1939 1456 2004; x_wconf 84' lang='lat' dir='ltr'>exinde</span> <span class='ocrx_word' id='word_1_113' title='bbox 1480 1937 1552 2003; x_wconf 87' lang='lat' dir='ltr'>red·</span> 
     </span>
    </p>
   </div>
   <div class='ocr_carea' id='block_1_4' title="bbox 359 2043 1554 2653">
    <p class='ocr_par' dir='ltr' id='par_1_4' title="bbox 359 2043 1554 2653">
     <span class='ocr_line' id='line_1_15' title="bbox 360 2043 1553 2130; baseline -0.003 -22"><span class='ocrx_word' id='word_1_114' title='bbox 360 2043 479 2108; x_wconf 88' lang='lat' dir='ltr'>dantur</span> <span class='ocrx_word' id='word_1_115' title='bbox 513 2043 621 2108; x_wconf 82' lang='lat' dir='ltr'>divine</span> <span class='ocrx_word' id='word_1_116' title='bbox 655 2045 758 2128; x_wconf 86' lang='lat' dir='ltr'>gratie</span> <span class='ocrx_word' id='word_1_117' title='bbox 791 2046 941 2130; x_wconf 83' lang='lat' dir='ltr'>aptiores.</span> <span class='ocrx_word' id='word_1_118' title='bbox 988 2044 1034 2109; x_wconf 89' lang='lat' dir='ltr'>Ut</span> <span class='ocrx_word' id='word_1_119' title='bbox 1066 2046 1164 2129; x_wconf 88' lang='lat' dir='ltr'>igitur</span> <span class='ocrx_word' id='word_1_120' title='bbox 1197 2044 1335 2109; x_wconf 88' lang='lat' dir='ltr'>ecclesia</span> <span class='ocrx_word' id='word_1_121' title='bbox 1367 2044 1553 2108; x_wconf 89' lang='lat' dir='ltr'>monasterii</span> 
     </span>
     <span class='ocr_line' id='line_1_16' title="bbox 359 2146 1553 2234; baseline 0 -21"><span class='ocrx_word' id='word_1_122' title='bbox 359 2150 460 2213; x_wconf 87' lang='lat' dir='ltr'>vestri</span> <span class='ocrx_word' id='word_1_123' title='bbox 483 2149 634 2234; x_wconf 87' lang='lat' dir='ltr'>congruis</span> <span class='ocrx_word' id='word_1_124' title='bbox 656 2146 829 2213; x_wconf 81' lang='lat' dir='ltr'>honoribus</span> <span class='ocrx_word' id='word_1_125' title='bbox 852 2148 1085 2234; x_wconf 82' lang='lat' dir='ltr'>frequentetur,</span> <span class='ocrx_word' id='word_1_126' title='bbox 1114 2148 1262 2213; x_wconf 89' lang='lat' dir='ltr'>omnibus</span> <span class='ocrx_word' id='word_1_127' title='bbox 1286 2170 1364 2213; x_wconf 88' lang='lat' dir='ltr'>vere</span> <span class='ocrx_word' id='word_1_128' title='bbox 1386 2149 1553 2234; x_wconf 89' lang='lat' dir='ltr'>penitenti·</span> 
     </span>
     <span class='ocr_line' id='line_1_17' title="bbox 360 2250 1554 2339; baseline -0.001 -22"><span class='ocrx_word' id='word_1_129' title='bbox 360 2251 423 2318; x_wconf 91' lang='lat' dir='ltr'>bus</span> <span class='ocrx_word' id='word_1_130' title='bbox 456 2260 490 2317; x_wconf 89' lang='lat' dir='ltr'>et</span> <span class='ocrx_word' id='word_1_131' title='bbox 516 2252 680 2337; x_wconf 87' lang='lat' dir='ltr'>confessis,</span> <span class='ocrx_word' id='word_1_132' title='bbox 712 2253 767 2339; x_wconf 89' lang='lat' dir='ltr'>qui</span> <span class='ocrx_word' id='word_1_133' title='bbox 790 2250 962 2317; x_wconf 83' lang='lat' dir='ltr'>ecclesiam</span> <span class='ocrx_word' id='word_1_134' title='bbox 983 2254 1086 2339; x_wconf 86' lang='lat' dir='ltr'>ipsam</span> <span class='ocrx_word' id='word_1_135' title='bbox 1109 2254 1142 2317; x_wconf 89' lang='lat' dir='ltr'>in</span> <span class='ocrx_word' id='word_1_136' title='bbox 1166 2252 1218 2317; x_wconf 90' lang='lat' dir='ltr'>die</span> <span class='ocrx_word' id='word_1_137' title='bbox 1241 2251 1452 2318; x_wconf 87' lang='lat' dir='ltr'>dedicationis</span> <span class='ocrx_word' id='word_1_138' title='bbox 1475 2254 1554 2318; x_wconf 76' lang='lat' dir='ltr'>eius</span> 
     </span>
     <span class='ocr_line' id='line_1_18' title="bbox 361 2356 1554 2443; baseline 0 -22"><span class='ocrx_word' id='word_1_139' title='bbox 361 2356 437 2423; x_wconf 88' lang='lat' dir='ltr'>dem</span> <span class='ocrx_word' id='word_1_140' title='bbox 459 2356 689 2423; x_wconf 87' lang='lat' dir='ltr'>venerabiliter</span> <span class='ocrx_word' id='word_1_141' title='bbox 710 2359 921 2442; x_wconf 84' lang='lat' dir='ltr'>visitaverint,</span> <span class='ocrx_word' id='word_1_142' title='bbox 945 2357 986 2422; x_wconf 93' lang='lat' dir='ltr'>de</span> <span class='ocrx_word' id='word_1_143' title='bbox 1009 2359 1234 2443; x_wconf 88' lang='lat' dir='ltr'>omnipotentis</span> <span class='ocrx_word' id='word_1_144' title='bbox 1257 2356 1311 2422; x_wconf 89' lang='lat' dir='ltr'>dei</span> <span class='ocrx_word' id='word_1_145' title='bbox 1333 2356 1554 2423; x_wconf 90' lang='lat' dir='ltr'>misericordia</span> 
     </span>
     <span class='ocr_line' id='line_1_19' title="bbox 361 2460 1554 2548; baseline -0.002 -21"><span class='ocrx_word' id='word_1_146' title='bbox 361 2469 394 2527; x_wconf 89' lang='lat' dir='ltr'>et</span> <span class='ocrx_word' id='word_1_147' title='bbox 418 2460 588 2527; x_wconf 86' lang='lat' dir='ltr'>beatorum</span> <span class='ocrx_word' id='word_1_148' title='bbox 609 2462 697 2527; x_wconf 88' lang='lat' dir='ltr'>Petri</span> <span class='ocrx_word' id='word_1_149' title='bbox 724 2471 756 2527; x_wconf 88' lang='lat' dir='ltr'>et</span> <span class='ocrx_word' id='word_1_150' title='bbox 777 2461 870 2527; x_wconf 85' lang='lat' dir='ltr'>Pauli</span> <span class='ocrx_word' id='word_1_151' title='bbox 896 2460 1111 2548; x_wconf 83' lang='lat' dir='ltr'>apostolorum</span> <span class='ocrx_word' id='word_1_152' title='bbox 1138 2463 1206 2527; x_wconf 89' lang='lat' dir='ltr'>eius</span> <span class='ocrx_word' id='word_1_153' title='bbox 1228 2464 1416 2528; x_wconf 86' lang='lat' dir='ltr'>auctoritate</span> <span class='ocrx_word' id='word_1_154' title='bbox 1439 2461 1554 2527; x_wconf 85' lang='lat' dir='ltr'>confici</span> 
     </span>
     <span class='ocr_line' id='line_1_20' title="bbox 361 2565 1553 2653; baseline 0.002 -23"><span class='ocrx_word' id='word_1_155' title='bbox 361 2565 577 2653; x_wconf 85' lang='lat' dir='ltr'>quadraginta</span> <span class='ocrx_word' id='word_1_156' title='bbox 605 2566 673 2631; x_wconf 89' lang='lat' dir='ltr'>dies</span> <span class='ocrx_word' id='word_1_157' title='bbox 702 2565 744 2631; x_wconf 93' lang='lat' dir='ltr'>de</span> <span class='ocrx_word' id='word_1_158' title='bbox 770 2567 921 2631; x_wconf 90' lang='lat' dir='ltr'>iniunctis</span> <span class='ocrx_word' id='word_1_159' title='bbox 943 2566 1004 2631; x_wconf 89' lang='lat' dir='ltr'>sibi</span> <span class='ocrx_word' id='word_1_160' title='bbox 1026 2569 1209 2651; x_wconf 88' lang='lat' dir='ltr'>penitentiis</span> <span class='ocrx_word' id='word_1_161' title='bbox 1232 2568 1325 2632; x_wconf 85' lang='lat' dir='ltr'>annis</span> <span class='ocrx_word' id='word_1_162' title='bbox 1348 2566 1485 2652; x_wconf 85' lang='lat' dir='ltr'>singulis</span> <span class='ocrx_word' id='word_1_163' title='bbox 1500 2568 1553 2632; x_wconf 91' lang='lat' dir='ltr'>mi·</span> 
     </span>
    </p>
   </div>
   <div class='ocr_carea' id='block_1_5' title="bbox 362 2669 1553 2842">
    <p class='ocr_par' dir='ltr' id='par_1_5' title="bbox 362 2669 1553 2842">
     <span class='ocr_line' id='line_1_21' title="bbox 362 2669 1553 2758; baseline 0 -22"><span class='ocrx_word' id='word_1_164' title='bbox 362 2669 565 2737; x_wconf 84' lang='lat' dir='ltr'>sericorditer</span> <span class='ocrx_word' id='word_1_165' title='bbox 587 2670 781 2737; x_wconf 83' lang='lat' dir='ltr'>relaxemus.</span> <span class='ocrx_word' id='word_1_166' title='bbox 817 2670 942 2737; x_wconf 87' lang='lat' dir='ltr'>Datum</span> <span class='ocrx_word' id='word_1_167' title='bbox 963 2671 1089 2737; x_wconf 90' lang='lat' dir='ltr'>Perusii</span> <span class='ocrx_word' id='word_1_168' title='bbox 1104 2671 1144 2739; x_wconf 91' lang='lat' dir='ltr'>V.</span> <span class='ocrx_word' id='word_1_169' title='bbox 1161 2670 1321 2738; x_wconf 84' lang='lat' dir='ltr'>kalendas</span> <span class='ocrx_word' id='word_1_170' title='bbox 1344 2673 1430 2756; x_wconf 86' lang='lat' dir='ltr'>maii,</span> <span class='ocrx_word' id='word_1_171' title='bbox 1454 2672 1553 2758; x_wconf 89' lang='lat' dir='ltr'>ponti·</span> 
     </span>
     <span class='ocr_line' id='line_1_22' title="bbox 362 2775 825 2842; baseline 0.002 -3"><span class='ocrx_word' id='word_1_172' title='bbox 362 2775 477 2842; x_wconf 85' lang='lat' dir='ltr'>ficatus</span> <span class='ocrx_word' id='word_1_173' title='bbox 500 2778 600 2841; x_wconf 91' lang='lat' dir='ltr'>nostri</span> <span class='ocrx_word' id='word_1_174' title='bbox 622 2798 707 2842; x_wconf 86' lang='lat' dir='ltr'>anno</span> <span class='ocrx_word' id='word_1_175' title='bbox 730 2798 825 2841; x_wconf 90' lang='lat' dir='ltr'>nono.</span> 
     </span>
    </p>
   </div>
   <div class='ocr_carea' id='block_1_6' title="bbox 362 2986 1553 3214">
    <p class='ocr_par' dir='ltr' id='par_1_6' title="bbox 362 2986 1553 3214">
     <span class='ocr_line' id='line_1_23' title="bbox 468 2986 1553 3054; baseline -0.003 -15"><span class='ocrx_word' id='word_1_176' title='bbox 468 2988 548 3040; x_wconf 88' lang='lat' dir='ltr'>Bulls</span> <span class='ocrx_word' id='word_1_177' title='bbox 575 2989 733 3040; x_wconf 81' lang='lat' dir='ltr'>Innocenn’e</span> <span class='ocrx_word' id='word_1_178' title='bbox 753 2988 810 3052; x_wconf 84' lang='lat' dir='ltr'>1V.,</span> <span class='ocrx_word' id='word_1_179' title='bbox 837 2986 1059 3054; x_wconf 78' lang='lat' dir='ltr'>Apostelstempel</span> <span class='ocrx_word' id='word_1_180' title='bbox 1086 2987 1154 3038; x_wconf 80' lang='lat' dir='ltr'>sbb.</span> <span class='ocrx_word' id='word_1_181' title='bbox 1178 2988 1207 3037; x_wconf 84' lang='lat' dir='ltr'>in</span> <span class='ocrx_word' id='word_1_182' title='bbox 1232 2987 1283 3038; x_wconf 88' lang='lat' dir='ltr'>den</span> <span class='ocrx_word' id='word_1_183' title='bbox 1310 2987 1398 3038; x_wconf 81' lang='lat' dir='ltr'>Mitth.</span> <span class='ocrx_word' id='word_1_184' title='bbox 1423 2986 1448 3037; x_wconf 94' lang='lat' dir='ltr'>d.</span> <span class='ocrx_word' id='word_1_185' title='bbox 1470 2987 1553 3038; x_wconf 79' lang='lat' dir='ltr'>Instit</span> 
     </span>
     <span class='ocr_line' id='line_1_24' title="bbox 362 3074 1553 3140; baseline -0.001 -15"><span class='ocrx_word' id='word_1_186' title='bbox 362 3076 380 3127; x_wconf 82' lang='lat' dir='ltr'>f.</span> <span class='ocrx_word' id='word_1_187' title='bbox 405 3080 496 3126; x_wconf 75' lang='lat' dir='ltr'>osterr.</span> <span class='ocrx_word' id='word_1_188' title='bbox 520 3076 736 3127; x_wconf 70' lang='lat' dir='ltr'>essen-Porsen.</span> <span class='ocrx_word' id='word_1_189' title='bbox 764 3075 814 3136; x_wconf 90' lang='lat'>111,</span> <span class='ocrx_word' id='word_1_190' title='bbox 840 3076 892 3125; x_wconf 79' lang='lat'>626</span> <span class='ocrx_word' id='word_1_191' title='bbox 914 3074 983 3136; x_wconf 69' lang='lat' dir='ltr'>aas,</span> <span class='ocrx_word' id='word_1_192' title='bbox 1010 3091 1048 3125; x_wconf 86' lang='lat' dir='ltr'>nr.</span> <span class='ocrx_word' id='word_1_193' title='bbox 1071 3077 1095 3136; x_wconf 82' lang='lat'>6,</span> <span class='ocrx_word' id='word_1_194' title='bbox 1122 3074 1339 3140; x_wconf 86' lang='lat' dir='ltr'>Namenstempel</span> <span class='ocrx_word' id='word_1_195' title='bbox 1366 3074 1461 3127; x_wconf 86' lang='lat' dir='ltr'>ebend.</span> <span class='ocrx_word' id='word_1_196' title='bbox 1488 3074 1553 3134; x_wconf 75' lang='lat' dir='ltr'>uas,</span> 
     </span>
     <span class='ocr_line' id='line_1_25' title="bbox 362 3164 465 3214; baseline 0.01 -1"><span class='ocrx_word' id='word_1_197' title='bbox 362 3179 401 3214; x_wconf 89' lang='lat' dir='ltr'>nr.</span> <span class='ocrx_word' id='word_1_198' title='bbox 423 3164 465 3214; x_wconf 78' lang='lat'>38.</span> 
     </span>
    </p>
   </div>
   <div class='ocr_carea' id='block_1_7' title="bbox 407 3421 1512 3493">
    <p class='ocr_par' dir='ltr' id='par_1_7' title="bbox 407 3421 1512 3493">
     <span class='ocr_line' id='line_1_26' title="bbox 407 3421 1512 3493; baseline -0.005 -4"><span class='ocrx_word' id='word_1_199' title='bbox 407 3421 488 3489; x_wconf 75' lang='grc'><strong>129.</strong></span> <span class='ocrx_word' id='word_1_200' title='bbox 1034 3427 1118 3485; x_wconf 74' lang='lat'>1254</span> <span class='ocrx_word' id='word_1_201' title='bbox 1135 3427 1260 3485; x_wconf 74' lang='lat' dir='ltr'>October</span> <span class='ocrx_word' id='word_1_202' title='bbox 1275 3427 1326 3493; x_wconf 77' lang='lat'>26,</span> <span class='ocrx_word' id='word_1_203' title='bbox 1343 3427 1386 3486; x_wconf 82' lang='lat' dir='ltr'>St.</span> <span class='ocrx_word' id='word_1_204' title='bbox 1400 3428 1512 3487; x_wconf 78' lang='lat' dir='ltr'>Ptltes.</span> 
     </span>
    </p>
   </div>
   <div class='ocr_carea' id='block_1_8' title="bbox 364 3627 1560 3818">
    <p class='ocr_par' dir='ltr' id='par_1_8' title="bbox 364 3627 1560 3818">
     <span class='ocr_line' id='line_1_27' title="bbox 364 3627 1560 3713; baseline 0 -18"><span class='ocrx_word' id='word_1_205' title='bbox 364 3629 520 3695; x_wconf 75' lang='lat' dir='ltr'>Heinrich</span> <span class='ocrx_word' id='word_1_206' title='bbox 549 3650 610 3695; x_wconf 80' lang='lat' dir='ltr'>ooo</span> <span class='ocrx_word' id='word_1_207' title='bbox 631 3627 760 3694; x_wconf 80' lang='lat' dir='ltr'>Seoelde</span> <span class='ocrx_word' id='word_1_208' title='bbox 785 3628 854 3693; x_wconf 74' lang='lat' dir='ltr'>aad</span> <span class='ocrx_word' id='word_1_209' title='bbox 876 3629 941 3695; x_wconf 76' lang='lat' dir='ltr'>Ast</span> <span class='ocrx_word' id='word_1_210' title='bbox 964 3628 1072 3713; x_wconf 77' lang='lat' dir='ltr'>Ortolf</span> <span class='ocrx_word' id='word_1_211' title='bbox 1088 3651 1149 3696; x_wconf 79' lang='lat' dir='ltr'>ooo</span> <span class='ocrx_word' id='word_1_212' title='bbox 1170 3629 1259 3695; x_wconf 76' lang='lat' dir='ltr'>Mello</span> <span class='ocrx_word' id='word_1_213' title='bbox 1280 3629 1445 3696; x_wconf 78' lang='lat' dir='ltr'>soldiesoen</span> <span class='ocrx_word' id='word_1_214' title='bbox 1467 3631 1560 3696; x_wconf 59' lang='lat' dir='ltr'>doen</span> 
     </span>
     <span class='ocr_line' id='line_1_28' title="bbox 409 3733 1513 3818; baseline 0 -18"><span class='ocrx_word' id='word_1_215' title='bbox 409 3734 568 3818; x_wconf 76' lang='lat' dir='ltr'>Verplcieh</span> <span class='ocrx_word' id='word_1_216' title='bbox 589 3733 690 3799; x_wconf 70' lang='lat' dir='ltr'>durch</span> <span class='ocrx_word' id='word_1_217' title='bbox 712 3734 773 3799; x_wconf 78' lang='lat' dir='ltr'>des</span> <span class='ocrx_word' id='word_1_218' title='bbox 794 3733 1040 3817; x_wconf 68' lang='lat' dir='ltr'>Schiedsspoacb</span> <span class='ocrx_word' id='word_1_219' title='bbox 1063 3735 1236 3800; x_wconf 76' lang='lat' dir='ltr'>benaoater</span> <span class='ocrx_word' id='word_1_220' title='bbox 1257 3734 1513 3800; x_wconf 76' lang='lat' dir='ltr'>Sohiedsricbter.</span> 
     </span>
    </p>
   </div>
   <div class='ocr_carea' id='block_1_9' title="bbox 367 3941 1565 4114">
    <p class='ocr_par' dir='ltr' id='par_1_9' title="bbox 367 3941 1565 4114">
     <span class='ocr_line' id='line_1_29' title="bbox 468 3941 1565 4029; baseline -0.003 -20"><span class='ocrx_word' id='word_1_221' title='bbox 468 3942 574 4009; x_wconf 88' lang='lat' dir='ltr'>Unter</span> <span class='ocrx_word' id='word_1_222' title='bbox 597 3941 660 4008; x_wconf 91' lang='lat' dir='ltr'>den</span> <span class='ocrx_word' id='word_1_223' title='bbox 683 3941 830 4029; x_wconf 90' lang='lat' dir='ltr'>Sieglern</span> <span class='ocrx_word' id='word_1_224' title='bbox 852 3941 921 4008; x_wconf 90' lang='lat' dir='ltr'>und</span> <span class='ocrx_word' id='word_1_225' title='bbox 937 3943 1086 4028; x_wconf 83' lang='lat' dir='ltr'>Zeugen:</span> <span class='ocrx_word' id='word_1_226' title='bbox 1109 3942 1241 4027; x_wconf 89' lang='lat' dir='ltr'>,domini</span> <span class='ocrx_word' id='word_1_227' title='bbox 1264 3943 1410 4008; x_wconf 90' lang='lat' dir='ltr'>Heinrici</span> <span class='ocrx_word' id='word_1_228' title='bbox 1431 3942 1565 4009; x_wconf 86' lang='lat' dir='ltr'>abbatis</span> 
     </span>
     <span class='ocr_line' id='line_1_30' title="bbox 367 4047 611 4114; baseline 0.004 -2"><span class='ocrx_word' id='word_1_229' title='bbox 367 4047 408 4112; x_wconf 88' lang='lat' dir='ltr'>de</span> <span class='ocrx_word' id='word_1_230' title='bbox 432 4047 611 4114; x_wconf 82' lang='lat' dir='ltr'>Gottwico‘.</span> 
     </span>
    </p>
   </div>
   <div class='ocr_carea' id='block_1_10' title="bbox 470 4239 1088 4309">
    <p class='ocr_par' dir='ltr' id='par_1_10' title="bbox 470 4239 1088 4309">
     <span class='ocr_line' id='line_1_31' title="bbox 470 4239 1088 4309; baseline 0 -17"><span class='ocrx_word' id='word_1_231' title='bbox 470 4240 543 4308; x_wconf 82' lang='lat' dir='ltr'>Orig.</span> <span class='ocrx_word' id='word_1_232' title='bbox 556 4242 593 4291; x_wconf 90' lang='lat' dir='ltr'>im</span> <span class='ocrx_word' id='word_1_233' title='bbox 605 4240 684 4293; x_wconf 79' lang='lat' dir='ltr'>Arch.</span> <span class='ocrx_word' id='word_1_234' title='bbox 697 4241 722 4292; x_wconf 81' lang='lat' dir='ltr'>d</span> <span class='ocrx_word' id='word_1_235' title='bbox 735 4240 827 4292; x_wconf 80' lang='lat' dir='ltr'>Stiites</span> <span class='ocrx_word' id='word_1_236' title='bbox 844 4240 920 4293; x_wconf 80' lang='lat' dir='ltr'>Melk</span> <span class='ocrx_word' id='word_1_237' title='bbox 938 4239 993 4309; x_wconf 74' lang='lat' dir='ltr'>(A),</span> <span class='ocrx_word' id='word_1_238' title='bbox 1010 4242 1088 4307; x_wconf 82' lang='lat' dir='ltr'>Perg.</span> 
     </span>
    </p>
   </div>
   <div class='ocr_carea' id='block_1_11' title="bbox 469 4397 1571 4466">
    <p class='ocr_par' dir='ltr' id='par_1_11' title="bbox 469 4397 1571 4466">
     <span class='ocr_line' id='line_1_32' title="bbox 469 4397 1571 4466; baseline 0.003 -16"><span class='ocrx_word' id='word_1_239' title='bbox 469 4400 589 4465; x_wconf 86' lang='lat' dir='ltr'>Huober,</span> <span class='ocrx_word' id='word_1_240' title='bbox 607 4400 715 4451; x_wconf 79' lang='lat' dir='ltr'>Austria</span> <span class='ocrx_word' id='word_1_241' title='bbox 732 4401 767 4451; x_wconf 77' lang='lat'>23</span> <span class='ocrx_word' id='word_1_242' title='bbox 784 4416 824 4450; x_wconf 90' lang='lat' dir='ltr'>nr.</span> <span class='ocrx_word' id='word_1_243' title='bbox 837 4403 868 4464; x_wconf 79' lang='lat'>53</span> <span class='ocrx_word' id='word_1_244' title='bbox 889 4400 1058 4466; x_wconf 83' lang='lat' dir='ltr'>Keiblinger‚</span> <span class='ocrx_word' id='word_1_245' title='bbox 1076 4398 1171 4450; x_wconf 83' lang='lat' dir='ltr'>Gesch.</span> <span class='ocrx_word' id='word_1_246' title='bbox 1184 4414 1210 4449; x_wconf 85' lang='lat' dir='ltr'>v.</span> <span class='ocrx_word' id='word_1_247' title='bbox 1224 4398 1301 4449; x_wconf 79' lang='lat' dir='ltr'>Melk</span> <span class='ocrx_word' id='word_1_248' title='bbox 1318 4397 1395 4462; x_wconf 76' lang='lat' dir='ltr'>nm,</span> <span class='ocrx_word' id='word_1_249' title='bbox 1413 4400 1464 4449; x_wconf 77' lang='lat'>673</span> <span class='ocrx_word' id='word_1_250' title='bbox 1481 4413 1527 4450; x_wconf 85' lang='lat' dir='ltr'>nr.</span> <span class='ocrx_word' id='word_1_251' title='bbox 1541 4402 1571 4453; x_wconf 71' lang='lat'>2.</span> 
     </span>
    </p>
   </div>
   <div class='ocr_carea' id='block_1_12' title="bbox 367 4656 1249 4713">
    <p class='ocr_par' dir='ltr' id='par_1_12' title="bbox 367 4656 1249 4713">
     <span class='ocr_line' id='line_1_33' title="bbox 367 4656 1249 4713; baseline -0.001 -1"><span class='ocrx_word' id='word_1_252' title='bbox 367 4656 433 4712; x_wconf 76' lang='lat'><strong>128.</strong></span> <span class='ocrx_word' id='word_1_253' title='bbox 473 4670 487 4694; x_wconf 77' lang='lat'>⁸</span> <span class='ocrx_word' id='word_1_254' title='bbox 505 4661 597 4713; x_wconf 89' lang='lat' dir='ltr'>Ueber</span> <span class='ocrx_word' id='word_1_255' title='bbox 614 4661 674 4712; x_wconf 89' lang='lat' dir='ltr'>dem</span> <span class='ocrx_word' id='word_1_256' title='bbox 693 4666 783 4713; x_wconf 86' lang='lat' dir='ltr'>ersten</span> <span class='ocrx_word' id='word_1_257' title='bbox 801 4676 815 4711; x_wconf 83' lang='lat' dir='ltr'>c</span> <span class='ocrx_word' id='word_1_258' title='bbox 832 4663 895 4713; x_wconf 86' lang='lat' dir='ltr'>eine</span> <span class='ocrx_word' id='word_1_259' title='bbox 912 4659 1004 4712; x_wconf 81' lang='lat' dir='ltr'>kleine</span> <span class='ocrx_word' id='word_1_260' title='bbox 1022 4660 1117 4713; x_wconf 81' lang='lat' dir='ltr'>Rasur.</span> <span class='ocrx_word' id='word_1_261' title='bbox 1135 4688 1168 4699; x_wconf 88' lang='lat'>-</span> <span class='ocrx_word' id='word_1_262' title='bbox 1187 4662 1200 4695; x_wconf 64' lang='grc' dir='ltr'>δ</span> <span class='ocrx_word' id='word_1_263' title='bbox 1218 4661 1249 4711; x_wconf 78' lang='lat' dir='ltr'>A.</span> 
     </span>
    </p>
   </div>
   <div class='ocr_carea' id='block_1_13' title="bbox 0 0 1726 5350">
    <p class='ocr_par' dir='ltr' id='par_1_13' title="bbox 0 0 1726 5350">
     <span class='ocr_line' id='line_1_34' title="bbox 0 0 1726 5350; baseline 0 0"><span class='ocrx_word' id='word_1_264' title='bbox 0 0 1726 5350; x_wconf 95' lang='lat' dir='ltr'> </span> 
     </span>
    </p>
   </div>
  </div>
 </body>
</html>
