<?xml version="1.0" encoding="UTF-8"?>
<!DOCTYPE html PUBLIC "-//W3C//DTD XHTML 1.0 Transitional//EN"
    "http://www.w3.org/TR/xhtml1/DTD/xhtml1-transitional.dtd">
<html xmlns="http://www.w3.org/1999/xhtml" xml:lang="en" lang="en">
 <head>
  <title>
</title>
<meta http-equiv="Content-Type" content="text/html;charset=utf-8" />
  <meta name='ocr-system' content='tesseract 3.04.00' />
  <meta name='ocr-capabilities' content='ocr_page ocr_carea ocr_par ocr_line ocrx_word'/>
</head>
<body>
  <div class='ocr_page' id='page_1' title='image "./fontesrerumaust01unkngoog_0067.png"; bbox 0 0 3400 5350; ppageno 0'>
   <div class='ocr_carea' id='block_1_1' title="bbox 358 400 402 465">
    <p class='ocr_par' dir='ltr' id='par_1_1' title="bbox 358 400 402 465">
     <span class='ocr_line' id='line_1_1' title="bbox 358 400 402 465; baseline 0.023 -1"><span class='ocrx_word' id='word_1_1' title='bbox 358 400 402 465; x_wconf 79' lang='lat'><strong>42</strong></span> 
     </span>
    </p>
   </div>
   <div class='ocr_carea' id='block_1_2' title="bbox 359 589 1557 2343">
    <p class='ocr_par' dir='ltr' id='par_1_2' title="bbox 359 589 1557 2343">
     <span class='ocr_line' id='line_1_2' title="bbox 359 589 1551 676; baseline -0.003 -20"><span class='ocrx_word' id='word_1_2' title='bbox 359 591 564 656; x_wconf 85' lang='lat' dir='ltr'><strong>Traditiones</strong></span> <span class='ocrx_word' id='word_1_3' title='bbox 597 603 704 654; x_wconf 87' lang='lat' dir='ltr'><strong>autem</strong></span> <span class='ocrx_word' id='word_1_4' title='bbox 739 599 814 655; x_wconf 87' lang='lat' dir='ltr'><strong>sunt</strong></span> <span class='ocrx_word' id='word_1_5' title='bbox 846 589 888 666; x_wconf 78' lang='lat' dir='ltr'><strong>ho</strong></span> <span class='ocrx_word' id='word_1_6' title='bbox 918 590 1112 676; x_wconf 66' lang='lat' dir='ltr'><strong>subscripto:</strong></span> <span class='ocrx_word' id='word_1_7' title='bbox 1150 599 1300 670; x_wconf 78' lang='lat' dir='ltr'><strong>parrochia</strong></span> <span class='ocrx_word' id='word_1_8' title='bbox 1323 599 1460 654; x_wconf 79' lang='lat' dir='ltr'><strong>Munatio</strong></span> <span class='ocrx_word' id='word_1_9' title='bbox 1487 617 1551 653; x_wconf 86' lang='lat' dir='ltr'><strong>cum</strong></span> 
     </span>
     <span class='ocr_line' id='line_1_3' title="bbox 359 703 1552 777; baseline -0.001 -18"><span class='ocrx_word' id='word_1_10' title='bbox 359 704 471 777; x_wconf 86' lang='lat' dir='ltr'><strong>capella</strong></span> <span class='ocrx_word' id='word_1_11' title='bbox 491 709 520 759; x_wconf 89' lang='lat' dir='ltr'><strong>et</strong></span> <span class='ocrx_word' id='word_1_12' title='bbox 539 703 605 758; x_wconf 80' lang='lat' dir='ltr'><strong>dote</strong></span> <span class='ocrx_word' id='word_1_13' title='bbox 625 708 738 759; x_wconf 87' lang='lat' dir='ltr'><strong>etcum</strong></span> <span class='ocrx_word' id='word_1_14' title='bbox 759 703 892 758; x_wconf 91' lang='lat' dir='ltr'><strong>omnibus</strong></span> <span class='ocrx_word' id='word_1_15' title='bbox 912 703 1090 775; x_wconf 88' lang='lat' dir='ltr'><strong>appendiciis</strong></span> <span class='ocrx_word' id='word_1_16' title='bbox 1110 704 1169 758; x_wconf 91' lang='lat' dir='ltr'><strong>suis</strong></span> <span class='ocrx_word' id='word_1_17' title='bbox 1188 709 1306 776; x_wconf 87' lang='lat' dir='ltr'><strong>excepta</strong></span> <span class='ocrx_word' id='word_1_18' title='bbox 1328 709 1410 776; x_wconf 90' lang='lat' dir='ltr'><strong>parte</strong></span> <span class='ocrx_word' id='word_1_19' title='bbox 1432 703 1552 759; x_wconf 88' lang='lat' dir='ltr'><strong>decima-</strong></span> 
     </span>
     <span class='ocr_line' id='line_1_4' title="bbox 359 806 1552 880; baseline -0.003 -16"><span class='ocrx_word' id='word_1_20' title='bbox 359 808 456 879; x_wconf 85' lang='lat' dir='ltr'><strong>tionis,</strong></span> <span class='ocrx_word' id='word_1_21' title='bbox 480 824 537 878; x_wconf 75' lang='lat' dir='ltr'><strong>que</strong></span> <span class='ocrx_word' id='word_1_22' title='bbox 559 807 685 880; x_wconf 82' lang='lat' dir='ltr'>pertinet</span> <span class='ocrx_word' id='word_1_23' title='bbox 706 808 743 862; x_wconf 88' lang='lat' dir='ltr'><strong>ad</strong></span> <span class='ocrx_word' id='word_1_24' title='bbox 766 806 903 863; x_wconf 88' lang='lat' dir='ltr'><strong>Sanctum</strong></span> <span class='ocrx_word' id='word_1_25' title='bbox 919 807 1078 879; x_wconf 79' lang='lat' dir='ltr'><strong>Nicolaum,</strong></span> <span class='ocrx_word' id='word_1_26' title='bbox 1102 808 1274 863; x_wconf 73' lang='lat' dir='ltr'><strong>barrochia*</strong></span> <span class='ocrx_word' id='word_1_27' title='bbox 1298 807 1465 863; x_wconf 83' lang='lat' dir='ltr'><strong>Mulibahc¹</strong></span> <span class='ocrx_word' id='word_1_28' title='bbox 1488 825 1552 862; x_wconf 88' lang='lat' dir='ltr'><strong>cum</strong></span> 
     </span>
     <span class='ocr_line' id='line_1_5' title="bbox 360 903 1554 990; baseline -0.001 -22"><span class='ocrx_word' id='word_1_29' title='bbox 360 912 538 985; x_wconf 86' lang='lat' dir='ltr'><strong>appendiciis</strong></span> <span class='ocrx_word' id='word_1_30' title='bbox 561 912 629 983; x_wconf 87' lang='lat' dir='ltr'><strong>suis,</strong></span> <span class='ocrx_word' id='word_1_31' title='bbox 654 912 825 968; x_wconf 75' lang='lat' dir='ltr'><strong>barrochia·</strong></span> <span class='ocrx_word' id='word_1_32' title='bbox 855 912 990 967; x_wconf 85' lang='lat' dir='ltr'><strong>Pirchabi</strong></span> <span class='ocrx_word' id='word_1_33' title='bbox 1014 927 1088 968; x_wconf 85' lang='lat' dir='ltr'><strong>cum</strong></span> <span class='ocrx_word' id='word_1_34' title='bbox 1116 903 1252 981; x_wconf 69' lang='lat' dir='ltr'><strong>ecclesia</strong></span> <span class='ocrx_word' id='word_1_35' title='bbox 1274 903 1493 990; x_wconf 79' lang='lat' dir='ltr'><strong>Michilpahc⁸</strong></span> <span class='ocrx_word' id='word_1_36' title='bbox 1522 912 1554 967; x_wconf 84' lang='lat' dir='ltr'><strong>et</strong></span> 
     </span>
     <span class='ocr_line' id='line_1_6' title="bbox 359 1007 1552 1094; baseline 0.001 -23"><span class='ocrx_word' id='word_1_37' title='bbox 359 1030 433 1073; x_wconf 86' lang='lat' dir='ltr'><strong>cum</strong></span> <span class='ocrx_word' id='word_1_38' title='bbox 449 1007 649 1094; x_wconf 78' lang='lat' dir='ltr'><strong>appendiciis</strong></span> <span class='ocrx_word' id='word_1_39' title='bbox 664 1010 740 1092; x_wconf 74' lang='lat' dir='ltr'><strong>suia,</strong></span> <span class='ocrx_word' id='word_1_40' title='bbox 758 1016 929 1073; x_wconf 75' lang='lat' dir='ltr'><strong>barrochia*</strong></span> <span class='ocrx_word' id='word_1_41' title='bbox 945 1015 1079 1089; x_wconf 82' lang='lat' dir='ltr'><strong>chulivb,</strong></span> <span class='ocrx_word' id='word_1_42' title='bbox 1096 1035 1153 1088; x_wconf 75' lang='lat' dir='ltr'><strong>que</strong></span> <span class='ocrx_word' id='word_1_43' title='bbox 1169 1023 1212 1073; x_wconf 88' lang='lat' dir='ltr'><strong>est</strong></span> <span class='ocrx_word' id='word_1_44' title='bbox 1226 1022 1390 1074; x_wconf 83' lang='lat' dir='ltr'><strong>constructa</strong></span> <span class='ocrx_word' id='word_1_45' title='bbox 1401 1018 1431 1072; x_wconf 94' lang='lat' dir='ltr'><strong>in</strong></span> <span class='ocrx_word' id='word_1_46' title='bbox 1444 1035 1552 1087; x_wconf 87' lang='lat' dir='ltr'><strong>manso,</strong></span> 
     </span>
     <span class='ocr_line' id='line_1_7' title="bbox 360 1121 1554 1193; baseline -0.002 -15"><span class='ocrx_word' id='word_1_47' title='bbox 360 1139 444 1193; x_wconf 88' lang='lat' dir='ltr'><strong>qucm</strong></span> <span class='ocrx_word' id='word_1_48' title='bbox 470 1122 588 1177; x_wconf 81' lang='lat' dir='ltr'><strong>Richiza</strong></span> <span class='ocrx_word' id='word_1_49' title='bbox 615 1121 704 1192; x_wconf 82' lang='lat' dir='ltr'><strong>dedit,</strong></span> <span class='ocrx_word' id='word_1_50' title='bbox 731 1122 769 1177; x_wconf 92' lang='lat' dir='ltr'><strong>ad</strong></span> <span class='ocrx_word' id='word_1_51' title='bbox 794 1140 881 1193; x_wconf 89' lang='lat' dir='ltr'><strong>quam</strong></span> <span class='ocrx_word' id='word_1_52' title='bbox 907 1123 1125 1179; x_wconf 84' lang='lat' dir='ltr'><strong>decimationem</strong></span> <span class='ocrx_word' id='word_1_53' title='bbox 1153 1123 1317 1179; x_wconf 79' lang='lat' dir='ltr'><strong>terminavit</strong></span> <span class='ocrx_word' id='word_1_54' title='bbox 1339 1122 1503 1178; x_wconf 87' lang='lat' dir='ltr'><strong>Hovistetin</strong></span> <span class='ocrx_word' id='word_1_55' title='bbox 1525 1127 1554 1177; x_wconf 89' lang='lat' dir='ltr'><strong>ct</strong></span> 
     </span>
     <span class='ocr_line' id='line_1_8' title="bbox 359 1224 1553 1298; baseline 0 -18"><span class='ocrx_word' id='word_1_56' title='bbox 359 1226 500 1281; x_wconf 85' lang='lat' dir='ltr'><strong>Maurahi.</strong></span> <span class='ocrx_word' id='word_1_57' title='bbox 531 1224 576 1281; x_wconf 83' lang='lat' dir='ltr'><strong>Ad</strong></span> <span class='ocrx_word' id='word_1_58' title='bbox 601 1225 740 1281; x_wconf 83' lang='lat' dir='ltr'><strong>Muttarin</strong></span> <span class='ocrx_word' id='word_1_59' title='bbox 756 1225 902 1282; x_wconf 82' lang='lat' dir='ltr'><strong>Acilinum</strong></span> <span class='ocrx_word' id='word_1_60' title='bbox 924 1232 954 1283; x_wconf 89' lang='lat' dir='ltr'><strong>ct</strong></span> <span class='ocrx_word' id='word_1_61' title='bbox 976 1227 1065 1282; x_wconf 90' lang='lat' dir='ltr'><strong>alium</strong></span> <span class='ocrx_word' id='word_1_62' title='bbox 1081 1226 1235 1298; x_wconf 68' lang='lat' dir='ltr'><strong>ricuinum,</strong></span> <span class='ocrx_word' id='word_1_63' title='bbox 1257 1225 1467 1283; x_wconf 70' lang='lat' dir='ltr'><strong>(dammandum</strong></span> <span class='ocrx_word' id='word_1_64' title='bbox 1489 1242 1553 1281; x_wconf 89' lang='lat' dir='ltr'><strong>cnm</strong></span> 
     </span>
     <span class='ocr_line' id='line_1_9' title="bbox 360 1328 1554 1404; baseline -0.002 -19"><span class='ocrx_word' id='word_1_65' title='bbox 360 1328 506 1386; x_wconf 89' lang='lat' dir='ltr'><strong>beneficiis</strong></span> <span class='ocrx_word' id='word_1_66' title='bbox 521 1330 590 1400; x_wconf 86' lang='lat' dir='ltr'><strong>suis,</strong></span> <span class='ocrx_word' id='word_1_67' title='bbox 606 1330 682 1384; x_wconf 92' lang='lat' dir='ltr'><strong>idem</strong></span> <span class='ocrx_word' id='word_1_68' title='bbox 697 1329 868 1386; x_wconf 87' lang='lat' dir='ltr'><strong>beneficium</strong></span> <span class='ocrx_word' id='word_1_69' title='bbox 879 1330 996 1386; x_wconf 85' lang='lat' dir='ltr'><strong>Ekkrici</strong></span> <span class='ocrx_word' id='word_1_70' title='bbox 1012 1349 1076 1387; x_wconf 88' lang='lat' dir='ltr'><strong>cum</strong></span> <span class='ocrx_word' id='word_1_71' title='bbox 1091 1331 1242 1404; x_wconf 76' lang='lat' dir='ltr'><strong>mancipiis</strong></span> <span class='ocrx_word' id='word_1_72' title='bbox 1257 1336 1286 1387; x_wconf 87' lang='lat' dir='ltr'><strong>st</strong></span> <span class='ocrx_word' id='word_1_73' title='bbox 1301 1331 1433 1387; x_wconf 88' lang='lat' dir='ltr'><strong>omnibus</strong></span> <span class='ocrx_word' id='word_1_74' title='bbox 1448 1347 1554 1402; x_wconf 85' lang='lat' dir='ltr'><strong>appen-</strong></span> 
     </span>
     <span class='ocr_line' id='line_1_10' title="bbox 360 1433 1553 1506; baseline 0 -18"><span class='ocrx_word' id='word_1_75' title='bbox 360 1434 442 1489; x_wconf 89' lang='lat' dir='ltr'><strong>diciis</strong></span> <span class='ocrx_word' id='word_1_76' title='bbox 462 1435 521 1489; x_wconf 87' lang='lat' dir='ltr'><strong>suis</strong></span> <span class='ocrx_word' id='word_1_77' title='bbox 541 1439 657 1506; x_wconf 84' lang='lat' dir='ltr'><strong>excepto</strong></span> <span class='ocrx_word' id='word_1_78' title='bbox 678 1434 796 1490; x_wconf 91' lang='lat' dir='ltr'><strong>dimidio</strong></span> <span class='ocrx_word' id='word_1_79' title='bbox 815 1452 925 1505; x_wconf 88' lang='lat' dir='ltr'><strong>manso,</strong></span> <span class='ocrx_word' id='word_1_80' title='bbox 943 1435 1074 1490; x_wconf 90' lang='lat' dir='ltr'><strong>Brunnin</strong></span> <span class='ocrx_word' id='word_1_81' title='bbox 1091 1436 1125 1491; x_wconf 92' lang='lat' dir='ltr'><strong>de</strong></span> <span class='ocrx_word' id='word_1_82' title='bbox 1141 1433 1280 1491; x_wconf 87' lang='lat' dir='ltr'><strong>beneficio</strong></span> <span class='ocrx_word' id='word_1_83' title='bbox 1295 1435 1421 1490; x_wconf 88' lang='lat' dir='ltr'><strong>eiusdem</strong></span> <span class='ocrx_word' id='word_1_84' title='bbox 1437 1433 1553 1488; x_wconf 82' lang='lat' dir='ltr'><strong>Elrlrrici</strong></span> 
     </span>
     <span class='ocr_line' id='line_1_11' title="bbox 360 1534 1554 1611; baseline 0 -18"><span class='ocrx_word' id='word_1_85' title='bbox 360 1556 425 1593; x_wconf 88' lang='lat' dir='ltr'><strong>cum</strong></span> <span class='ocrx_word' id='word_1_86' title='bbox 445 1538 595 1609; x_wconf 79' lang='lat' dir='ltr'><strong>mancipiis</strong></span> <span class='ocrx_word' id='word_1_87' title='bbox 614 1543 644 1594; x_wconf 92' lang='lat' dir='ltr'><strong>st</strong></span> <span class='ocrx_word' id='word_1_88' title='bbox 658 1538 791 1594; x_wconf 88' lang='lat' dir='ltr'><strong>omnibus</strong></span> <span class='ocrx_word' id='word_1_89' title='bbox 806 1539 985 1611; x_wconf 84' lang='lat' dir='ltr'><strong>appendiciis</strong></span> <span class='ocrx_word' id='word_1_90' title='bbox 1000 1539 1069 1610; x_wconf 86' lang='lat' dir='ltr'><strong>suis,</strong></span> <span class='ocrx_word' id='word_1_91' title='bbox 1090 1537 1276 1594; x_wconf 86' lang='lat' dir='ltr'><strong>Huntisheim</strong></span> <span class='ocrx_word' id='word_1_92' title='bbox 1290 1534 1474 1595; x_wconf 78' lang='lat' dir='ltr'><strong>Rdduvinum</strong></span> <span class='ocrx_word' id='word_1_93' title='bbox 1490 1556 1554 1594; x_wconf 89' lang='lat' dir='ltr'><strong>cum</strong></span> 
     </span>
     <span class='ocr_line' id='line_1_12' title="bbox 361 1635 1555 1716; baseline 0.001 -19"><span class='ocrx_word' id='word_1_94' title='bbox 361 1640 507 1698; x_wconf 88' lang='lat' dir='ltr'><strong>beneficiis</strong></span> <span class='ocrx_word' id='word_1_95' title='bbox 533 1642 602 1713; x_wconf 87' lang='lat' dir='ltr'><strong>suis,</strong></span> <span class='ocrx_word' id='word_1_96' title='bbox 630 1635 892 1716; x_wconf 81' lang='lat' dir='ltr'><strong>(lhollirgnanninb</strong></span> <span class='ocrx_word' id='word_1_97' title='bbox 918 1643 1032 1700; x_wconf 90' lang='lat' dir='ltr'><strong>vineam</strong></span> <span class='ocrx_word' id='word_1_98' title='bbox 1059 1643 1073 1698; x_wconf 94' lang='lat'>1</span> <span class='ocrx_word' id='word_1_99' title='bbox 1100 1662 1163 1699; x_wconf 90' lang='lat' dir='ltr'><strong>cum</strong></span> <span class='ocrx_word' id='word_1_100' title='bbox 1190 1644 1313 1700; x_wconf 77' lang='lat' dir='ltr'><strong>vinitore</strong></span> <span class='ocrx_word' id='word_1_101' title='bbox 1335 1661 1399 1698; x_wconf 87' lang='lat' dir='ltr'><strong>enm</strong></span> <span class='ocrx_word' id='word_1_102' title='bbox 1423 1643 1555 1698; x_wconf 89' lang='lat' dir='ltr'><strong>omnibus</strong></span> 
     </span>
     <span class='ocr_line' id='line_1_13' title="bbox 361 1718 1556 1818; baseline 0.002 -18"><span class='ocrx_word' id='word_1_103' title='bbox 361 1746 539 1818; x_wconf 65' lang='lat' dir='ltr'><strong>apponens</strong></span> <span class='ocrx_word' id='word_1_104' title='bbox 566 1747 636 1818; x_wconf 70' lang='lat' dir='ltr'><strong>aurs,</strong></span> <span class='ocrx_word' id='word_1_105' title='bbox 663 1742 859 1802; x_wconf 69' lang='lat' dir='ltr'><strong>nonencors</strong></span> <span class='ocrx_word' id='word_1_106' title='bbox 879 1748 979 1804; x_wconf 71' lang='lat' dir='ltr'><strong>vincas</strong></span> <span class='ocrx_word' id='word_1_107' title='bbox 1001 1747 1048 1802; x_wconf 92' lang='lat'><strong>111</strong></span> <span class='ocrx_word' id='word_1_108' title='bbox 1071 1718 1356 1803; x_wconf 62' lang='lat' dir='ltr'><strong>terminamus</strong></span> <span class='ocrx_word' id='word_1_109' title='bbox 1382 1746 1505 1802; x_wconf 66' lang='lat' dir='ltr'><strong>aaron</strong></span> <span class='ocrx_word' id='word_1_110' title='bbox 1527 1753 1556 1802; x_wconf 74' lang='lat' dir='ltr'><strong>a</strong></span> 
     </span>
     <span class='ocr_line' id='line_1_14' title="bbox 361 1850 1555 1924; baseline 0.002 -20"><span class='ocrx_word' id='word_1_111' title='bbox 361 1850 493 1905; x_wconf 91' lang='lat' dir='ltr'><strong>omnibus</strong></span> <span class='ocrx_word' id='word_1_112' title='bbox 508 1852 688 1923; x_wconf 90' lang='lat' dir='ltr'><strong>appendiciis</strong></span> <span class='ocrx_word' id='word_1_113' title='bbox 703 1852 771 1922; x_wconf 90' lang='lat' dir='ltr'><strong>suis,</strong></span> <span class='ocrx_word' id='word_1_114' title='bbox 788 1852 887 1908; x_wconf 90' lang='lat' dir='ltr'><strong>villam</strong></span> <span class='ocrx_word' id='word_1_115' title='bbox 902 1850 999 1907; x_wconf 86' lang='lat' dir='ltr'><strong>Paltin</strong></span> <span class='ocrx_word' id='word_1_116' title='bbox 1015 1857 1131 1924; x_wconf 86' lang='lat' dir='ltr'><strong>excepto</strong></span> <span class='ocrx_word' id='word_1_117' title='bbox 1147 1869 1329 1923; x_wconf 74' lang='lat' dir='ltr'><strong>mansuum,</strong></span> <span class='ocrx_word' id='word_1_118' title='bbox 1345 1850 1555 1923; x_wconf 83' lang='lat' dir='ltr'><strong>Horginbahc⁸</strong></span> 
     </span>
     <span class='ocr_line' id='line_1_15' title="bbox 361 1954 1555 2028; baseline -0.001 -18"><span class='ocrx_word' id='word_1_119' title='bbox 361 1960 478 2026; x_wconf 84' lang='lat' dir='ltr'><strong>excepto</strong></span> <span class='ocrx_word' id='word_1_120' title='bbox 495 1973 594 2011; x_wconf 84' lang='lat' dir='ltr'><strong>manso</strong></span> <span class='ocrx_word' id='word_1_121' title='bbox 610 1955 625 2010; x_wconf 94' lang='lat' dir='ltr'>I</span> <span class='ocrx_word' id='word_1_122' title='bbox 640 1974 705 2011; x_wconf 91' lang='lat' dir='ltr'><strong>cum</strong></span> <span class='ocrx_word' id='word_1_123' title='bbox 720 1956 872 2026; x_wconf 77' lang='lat' dir='ltr'><strong>mancipiis</strong></span> <span class='ocrx_word' id='word_1_124' title='bbox 887 1962 916 2012; x_wconf 88' lang='lat' dir='ltr'><strong>et</strong></span> <span class='ocrx_word' id='word_1_125' title='bbox 931 1957 1063 2013; x_wconf 90' lang='lat' dir='ltr'><strong>omnibus</strong></span> <span class='ocrx_word' id='word_1_126' title='bbox 1078 1956 1257 2028; x_wconf 88' lang='lat' dir='ltr'><strong>appendiciis</strong></span> <span class='ocrx_word' id='word_1_127' title='bbox 1272 1957 1340 2026; x_wconf 87' lang='lat' dir='ltr'><strong>suis,</strong></span> <span class='ocrx_word' id='word_1_128' title='bbox 1359 1954 1475 2010; x_wconf 84' lang='lat' dir='ltr'><strong>Talarin</strong></span> <span class='ocrx_word' id='word_1_129' title='bbox 1491 1973 1555 2010; x_wconf 92' lang='lat' dir='ltr'><strong>cum</strong></span> 
     </span>
     <span class='ocr_line' id='line_1_16' title="bbox 361 2058 1557 2134; baseline -0.001 -19"><span class='ocrx_word' id='word_1_130' title='bbox 361 2059 453 2115; x_wconf 86' lang='lat' dir='ltr'><strong>vineis</strong></span> <span class='ocrx_word' id='word_1_131' title='bbox 476 2065 505 2114; x_wconf 91' lang='lat' dir='ltr'><strong>et</strong></span> <span class='ocrx_word' id='word_1_132' title='bbox 527 2060 651 2117; x_wconf 80' lang='lat' dir='ltr'><strong>vinitore</strong></span> <span class='ocrx_word' id='word_1_133' title='bbox 672 2065 702 2116; x_wconf 90' lang='lat' dir='ltr'><strong>et</strong></span> <span class='ocrx_word' id='word_1_134' title='bbox 724 2060 856 2116; x_wconf 88' lang='lat' dir='ltr'><strong>omnibus</strong></span> <span class='ocrx_word' id='word_1_135' title='bbox 877 2062 1055 2134; x_wconf 89' lang='lat' dir='ltr'><strong>appendiciis</strong></span> <span class='ocrx_word' id='word_1_136' title='bbox 1075 2061 1143 2132; x_wconf 86' lang='lat' dir='ltr'><strong>suis,</strong></span> <span class='ocrx_word' id='word_1_137' title='bbox 1164 2060 1257 2118; x_wconf 88' lang='lat' dir='ltr'><strong>Uvrta</strong></span> <span class='ocrx_word' id='word_1_138' title='bbox 1276 2078 1341 2115; x_wconf 91' lang='lat' dir='ltr'><strong>cum</strong></span> <span class='ocrx_word' id='word_1_139' title='bbox 1360 2058 1512 2132; x_wconf 81' lang='lat' dir='ltr'><strong>mancipiis</strong></span> <span class='ocrx_word' id='word_1_140' title='bbox 1527 2066 1557 2114; x_wconf 85' lang='lat' dir='ltr'><strong>ct</strong></span> 
     </span>
     <span class='ocr_line' id='line_1_17' title="bbox 362 2164 1557 2238; baseline 0.001 -18"><span class='ocrx_word' id='word_1_141' title='bbox 362 2164 494 2220; x_wconf 90' lang='lat' dir='ltr'><strong>omnibns</strong></span> <span class='ocrx_word' id='word_1_142' title='bbox 517 2165 696 2237; x_wconf 84' lang='lat' dir='ltr'><strong>appendiciis</strong></span> <span class='ocrx_word' id='word_1_143' title='bbox 716 2166 775 2222; x_wconf 86' lang='lat' dir='ltr'><strong>suis</strong></span> <span class='ocrx_word' id='word_1_144' title='bbox 795 2172 824 2222; x_wconf 89' lang='lat' dir='ltr'><strong>et</strong></span> <span class='ocrx_word' id='word_1_145' title='bbox 838 2167 922 2229; x_wconf 81' lang='lat' dir='ltr'><strong>silva.</strong></span> <span class='ocrx_word' id='word_1_146' title='bbox 948 2184 1004 2238; x_wconf 74' lang='lat' dir='ltr'><strong>que</strong></span> <span class='ocrx_word' id='word_1_147' title='bbox 1020 2167 1133 2221; x_wconf 84' lang='lat' dir='ltr'><strong>adiacet</strong></span> <span class='ocrx_word' id='word_1_148' title='bbox 1147 2166 1246 2237; x_wconf 85' lang='lat' dir='ltr'><strong>monti,</strong></span> <span class='ocrx_word' id='word_1_149' title='bbox 1264 2165 1344 2221; x_wconf 90' lang='lat' dir='ltr'><strong>cuius</strong></span> <span class='ocrx_word' id='word_1_150' title='bbox 1359 2165 1498 2221; x_wconf 91' lang='lat' dir='ltr'><strong>terminus</strong></span> <span class='ocrx_word' id='word_1_151' title='bbox 1513 2171 1557 2221; x_wconf 82' lang='lat' dir='ltr'><strong>eet</strong></span> 
     </span>
     <span class='ocr_line' id='line_1_18' title="bbox 362 2268 1556 2343; baseline 0.001 -20"><span class='ocrx_word' id='word_1_152' title='bbox 362 2269 441 2326; x_wconf 87' lang='lat' dir='ltr'><strong>rivus</strong></span> <span class='ocrx_word' id='word_1_153' title='bbox 455 2269 533 2325; x_wconf 90' lang='lat' dir='ltr'><strong>Palti</strong></span> <span class='ocrx_word' id='word_1_154' title='bbox 553 2288 665 2326; x_wconf 85' lang='lat' dir='ltr'><strong>sursum</strong></span> <span class='ocrx_word' id='word_1_155' title='bbox 686 2289 776 2343; x_wconf 90' lang='lat' dir='ltr'><strong>usque</strong></span> <span class='ocrx_word' id='word_1_156' title='bbox 796 2272 825 2327; x_wconf 92' lang='lat' dir='ltr'><strong>in</strong></span> <span class='ocrx_word' id='word_1_157' title='bbox 842 2270 1098 2343; x_wconf 81' lang='lat' dir='ltr'><strong>Chrumbilbahc,⁸</strong></span> <span class='ocrx_word' id='word_1_158' title='bbox 1118 2270 1223 2326; x_wconf 88' lang='lat' dir='ltr'><strong>abhinc</strong></span> <span class='ocrx_word' id='word_1_159' title='bbox 1242 2288 1332 2342; x_wconf 90' lang='lat' dir='ltr'><strong>usque</strong></span> <span class='ocrx_word' id='word_1_160' title='bbox 1347 2271 1385 2324; x_wconf 90' lang='lat' dir='ltr'><strong>ad</strong></span> <span class='ocrx_word' id='word_1_161' title='bbox 1400 2268 1556 2325; x_wconf 87' lang='lat' dir='ltr'><strong>confinium</strong></span> 
     </span>
    </p>
   </div>
   <div class='ocr_carea' id='block_1_3' title="bbox 362 2372 1557 2660">
    <p class='ocr_par' dir='ltr' id='par_1_3' title="bbox 362 2372 1557 2660">
     <span class='ocr_line' id='line_1_19' title="bbox 362 2372 1557 2453; baseline -0.001 -24"><span class='ocrx_word' id='word_1_162' title='bbox 362 2372 580 2447; x_wconf 85' lang='lat' dir='ltr'><strong>Salzpurgensis</strong></span> <span class='ocrx_word' id='word_1_163' title='bbox 595 2376 688 2446; x_wconf 89' lang='lat' dir='ltr'><strong>predii</strong></span> <span class='ocrx_word' id='word_1_164' title='bbox 704 2381 734 2431; x_wconf 87' lang='lat' dir='ltr'><strong>ct</strong></span> <span class='ocrx_word' id='word_1_165' title='bbox 748 2377 930 2453; x_wconf 80' lang='lat' dir='ltr'><strong>marchionis,</strong></span> <span class='ocrx_word' id='word_1_166' title='bbox 947 2374 1139 2432; x_wconf 84' lang='lat' dir='ltr'><strong>Chrncistetin</strong></span> <span class='ocrx_word' id='word_1_167' title='bbox 1154 2393 1218 2430; x_wconf 90' lang='lat' dir='ltr'><strong>cum</strong></span> <span class='ocrx_word' id='word_1_168' title='bbox 1234 2375 1326 2431; x_wconf 87' lang='lat' dir='ltr'><strong>vineis</strong></span> <span class='ocrx_word' id='word_1_169' title='bbox 1340 2379 1370 2429; x_wconf 89' lang='lat' dir='ltr'><strong>et</strong></span> <span class='ocrx_word' id='word_1_170' title='bbox 1383 2373 1557 2431; x_wconf 82' lang='lat' dir='ltr'><strong>vinitoribus</strong></span> 
     </span>
     <span class='ocr_line' id='line_1_20' title="bbox 362 2467 1556 2555; baseline 0 -22"><span class='ocrx_word' id='word_1_171' title='bbox 362 2483 391 2533; x_wconf 87' lang='lat' dir='ltr'><strong>et</strong></span> <span class='ocrx_word' id='word_1_172' title='bbox 411 2478 543 2534; x_wconf 79' lang='lat' dir='ltr'><strong>omnibus</strong></span> <span class='ocrx_word' id='word_1_173' title='bbox 563 2480 743 2551; x_wconf 84' lang='lat' dir='ltr'><strong>appendiciis</strong></span> <span class='ocrx_word' id='word_1_174' title='bbox 762 2480 830 2551; x_wconf 81' lang='lat' dir='ltr'><strong>suis,</strong></span> <span class='ocrx_word' id='word_1_175' title='bbox 862 2471 1045 2537; x_wconf 86' lang='lat' dir='ltr'><strong>Echindori</strong></span> <span class='ocrx_word' id='word_1_176' title='bbox 1067 2492 1140 2536; x_wconf 86' lang='lat' dir='ltr'><strong>curn</strong></span> <span class='ocrx_word' id='word_1_177' title='bbox 1163 2472 1330 2555; x_wconf 85' lang='lat' dir='ltr'><strong>mancipiis</strong></span> <span class='ocrx_word' id='word_1_178' title='bbox 1353 2478 1385 2533; x_wconf 89' lang='lat' dir='ltr'><strong>et</strong></span> <span class='ocrx_word' id='word_1_179' title='bbox 1407 2467 1556 2534; x_wconf 88' lang='lat' dir='ltr'><strong>omnibus</strong></span> 
     </span>
     <span class='ocr_line' id='line_1_21' title="bbox 362 2573 1556 2660; baseline -0.002 -22"><span class='ocrx_word' id='word_1_180' title='bbox 362 2573 563 2660; x_wconf 83' lang='lat' dir='ltr'><strong>appendiciis</strong></span> <span class='ocrx_word' id='word_1_181' title='bbox 592 2577 667 2657; x_wconf 69' lang='lat' dir='ltr'><strong>suia,</strong></span> <span class='ocrx_word' id='word_1_182' title='bbox 697 2584 918 2639; x_wconf 84' lang='lat' dir='ltr'><strong>Pumannistorf</strong></span> <span class='ocrx_word' id='word_1_183' title='bbox 935 2602 998 2639; x_wconf 90' lang='lat' dir='ltr'><strong>cum</strong></span> <span class='ocrx_word' id='word_1_184' title='bbox 1019 2583 1170 2655; x_wconf 86' lang='lat' dir='ltr'><strong>mancipiis</strong></span> <span class='ocrx_word' id='word_1_185' title='bbox 1186 2588 1215 2638; x_wconf 89' lang='lat' dir='ltr'><strong>et</strong></span> <span class='ocrx_word' id='word_1_186' title='bbox 1230 2582 1362 2638; x_wconf 90' lang='lat' dir='ltr'><strong>omnibus</strong></span> <span class='ocrx_word' id='word_1_187' title='bbox 1377 2581 1556 2654; x_wconf 89' lang='lat' dir='ltr'><strong>appendiciis</strong></span> 
     </span>
    </p>
   </div>
   <div class='ocr_carea' id='block_1_4' title="bbox 361 2685 1558 3389">
    <p class='ocr_par' dir='ltr' id='par_1_4' title="bbox 361 2685 1558 3389">
     <span class='ocr_line' id='line_1_22' title="bbox 361 2685 1556 2760; baseline -0.001 -18"><span class='ocrx_word' id='word_1_188' title='bbox 361 2687 430 2758; x_wconf 85' lang='lat' dir='ltr'><strong>suis,</strong></span> <span class='ocrx_word' id='word_1_189' title='bbox 447 2685 572 2744; x_wconf 81' lang='lat' dir='ltr'><strong>Nuatori</strong></span> <span class='ocrx_word' id='word_1_190' title='bbox 584 2689 683 2746; x_wconf 86' lang='lat' dir='ltr'><strong>vincas</strong></span> <span class='ocrx_word' id='word_1_191' title='bbox 698 2688 756 2760; x_wconf 90' lang='lat'>111,</span> <span class='ocrx_word' id='word_1_192' title='bbox 773 2688 937 2745; x_wconf 83' lang='lat' dir='ltr'><strong>Anzindorf</strong></span> <span class='ocrx_word' id='word_1_193' title='bbox 950 2690 1049 2746; x_wconf 87' lang='lat' dir='ltr'><strong>vineas</strong></span> <span class='ocrx_word' id='word_1_194' title='bbox 1065 2688 1107 2760; x_wconf 88' lang='lat'><strong>11,</strong></span> <span class='ocrx_word' id='word_1_195' title='bbox 1123 2687 1316 2743; x_wconf 87' lang='lat' dir='ltr'><strong>Imicinistori</strong></span> <span class='ocrx_word' id='word_1_196' title='bbox 1329 2687 1443 2744; x_wconf 90' lang='lat' dir='ltr'><strong>vineam</strong></span> <span class='ocrx_word' id='word_1_197' title='bbox 1459 2685 1484 2757; x_wconf 80' lang='grc' dir='ltr'><strong>Ι,</strong></span> <span class='ocrx_word' id='word_1_198' title='bbox 1499 2687 1556 2741; x_wconf 87' lang='lat' dir='ltr'><strong>Ra·</strong></span> 
     </span>
     <span class='ocr_line' id='line_1_23' title="bbox 363 2789 1558 2867; baseline -0.002 -21"><span class='ocrx_word' id='word_1_199' title='bbox 363 2792 501 2847; x_wconf 86' lang='lat' dir='ltr'><strong>toltistorf</strong></span> <span class='ocrx_word' id='word_1_200' title='bbox 517 2811 582 2848; x_wconf 88' lang='lat' dir='ltr'><strong>cum</strong></span> <span class='ocrx_word' id='word_1_201' title='bbox 604 2794 736 2850; x_wconf 88' lang='lat' dir='ltr'><strong>omnibns</strong></span> <span class='ocrx_word' id='word_1_202' title='bbox 755 2794 935 2867; x_wconf 88' lang='lat' dir='ltr'><strong>appendiciis</strong></span> <span class='ocrx_word' id='word_1_203' title='bbox 954 2794 1023 2864; x_wconf 87' lang='lat' dir='ltr'><strong>suis,</strong></span> <span class='ocrx_word' id='word_1_204' title='bbox 1052 2795 1089 2848; x_wconf 86' lang='lat' dir='ltr'><strong>ad</strong></span> <span class='ocrx_word' id='word_1_205' title='bbox 1113 2791 1249 2848; x_wconf 84' lang='lat' dir='ltr'><strong>Sanctum</strong></span> <span class='ocrx_word' id='word_1_206' title='bbox 1273 2789 1422 2863; x_wconf 86' lang='lat' dir='ltr'><strong>Ypolitnm</strong></span> <span class='ocrx_word' id='word_1_207' title='bbox 1446 2795 1558 2862; x_wconf 88' lang='lat' dir='ltr'><strong>partem</strong></span> 
     </span>
     <span class='ocr_line' id='line_1_24' title="bbox 363 2896 1558 2971; baseline 0 -20"><span class='ocrx_word' id='word_1_208' title='bbox 363 2896 561 2954; x_wconf 87' lang='lat' dir='ltr'><strong>decimationis</strong></span> <span class='ocrx_word' id='word_1_209' title='bbox 583 2904 613 2955; x_wconf 89' lang='lat' dir='ltr'><strong>st</strong></span> <span class='ocrx_word' id='word_1_210' title='bbox 635 2917 763 2956; x_wconf 87' lang='lat' dir='ltr'><strong>mansum</strong></span> <span class='ocrx_word' id='word_1_211' title='bbox 784 2900 799 2954; x_wconf 92' lang='lat'>1</span> <span class='ocrx_word' id='word_1_212' title='bbox 821 2918 886 2955; x_wconf 87' lang='lat' dir='ltr'><strong>cum</strong></span> <span class='ocrx_word' id='word_1_213' title='bbox 907 2899 1038 2956; x_wconf 89' lang='lat' dir='ltr'><strong>omnibus</strong></span> <span class='ocrx_word' id='word_1_214' title='bbox 1058 2898 1237 2971; x_wconf 89' lang='lat' dir='ltr'><strong>appendiciis</strong></span> <span class='ocrx_word' id='word_1_215' title='bbox 1256 2896 1316 2953; x_wconf 87' lang='lat' dir='ltr'><strong>suis</strong></span> <span class='ocrx_word' id='word_1_216' title='bbox 1331 2902 1360 2953; x_wconf 89' lang='lat' dir='ltr'><strong>et</strong></span> <span class='ocrx_word' id='word_1_217' title='bbox 1375 2898 1404 2951; x_wconf 91' lang='lat' dir='ltr'><strong>in</strong></span> <span class='ocrx_word' id='word_1_218' title='bbox 1420 2897 1479 2952; x_wconf 85' lang='lat' dir='ltr'><strong>alia</strong></span> <span class='ocrx_word' id='word_1_219' title='bbox 1493 2896 1558 2967; x_wconf 88' lang='lat' dir='ltr'><strong>ripa</strong></span> 
     </span>
     <span class='ocr_line' id='line_1_25' title="bbox 363 3000 1558 3079; baseline -0.001 -24"><span class='ocrx_word' id='word_1_220' title='bbox 363 3000 496 3058; x_wconf 82' lang='lat' dir='ltr'><strong>&#39;Preisimi</strong></span> <span class='ocrx_word' id='word_1_221' title='bbox 519 3021 617 3061; x_wconf 86' lang='lat' dir='ltr'><strong>versus</strong></span> <span class='ocrx_word' id='word_1_222' title='bbox 641 3004 788 3079; x_wconf 80' lang='lat' dir='ltr'><strong>Uvagrein</strong></span> <span class='ocrx_word' id='word_1_223' title='bbox 812 3004 1006 3061; x_wconf 87' lang='lat' dir='ltr'><strong>molendinum</strong></span> <span class='ocrx_word' id='word_1_224' title='bbox 1029 3021 1093 3058; x_wconf 89' lang='lat' dir='ltr'><strong>cum</strong></span> <span class='ocrx_word' id='word_1_225' title='bbox 1116 3001 1294 3075; x_wconf 89' lang='lat' dir='ltr'><strong>appendiciis</strong></span> <span class='ocrx_word' id='word_1_226' title='bbox 1317 3000 1376 3056; x_wconf 86' lang='lat' dir='ltr'><strong>suis</strong></span> <span class='ocrx_word' id='word_1_227' title='bbox 1396 3006 1425 3056; x_wconf 89' lang='lat' dir='ltr'><strong>et</strong></span> <span class='ocrx_word' id='word_1_228' title='bbox 1444 3000 1474 3054; x_wconf 98' lang='lat' dir='ltr'><strong>II</strong></span> <span class='ocrx_word' id='word_1_229' title='bbox 1494 3000 1558 3055; x_wconf 89' lang='lat' dir='ltr'><strong>loca</strong></span> 
     </span>
     <span class='ocr_line' id='line_1_26' title="bbox 365 3105 1558 3180; baseline -0.002 -19"><span class='ocrx_word' id='word_1_230' title='bbox 365 3106 530 3180; x_wconf 86' lang='lat' dir='ltr'><strong>molendini,</strong></span> <span class='ocrx_word' id='word_1_231' title='bbox 551 3108 788 3165; x_wconf 86' lang='lat' dir='ltr'><strong>Straudratistori</strong></span> <span class='ocrx_word' id='word_1_232' title='bbox 804 3128 935 3165; x_wconf 90' lang='lat' dir='ltr'><strong>mansum</strong></span> <span class='ocrx_word' id='word_1_233' title='bbox 951 3109 975 3180; x_wconf 85' lang='lat'><strong>1,</strong></span> <span class='ocrx_word' id='word_1_234' title='bbox 997 3107 1192 3163; x_wconf 82' lang='lat' dir='ltr'><strong>Pehcsutilin⁸</strong></span> <span class='ocrx_word' id='word_1_235' title='bbox 1216 3125 1280 3161; x_wconf 90' lang='lat' dir='ltr'><strong>cnm</strong></span> <span class='ocrx_word' id='word_1_236' title='bbox 1300 3105 1432 3162; x_wconf 87' lang='lat' dir='ltr'><strong>omnibus</strong></span> <span class='ocrx_word' id='word_1_237' title='bbox 1452 3122 1558 3176; x_wconf 89' lang='lat' dir='ltr'><strong>appen-</strong></span> 
     </span>
     <span class='ocr_line' id='line_1_27' title="bbox 364 3208 1557 3284; baseline -0.003 -18"><span class='ocrx_word' id='word_1_238' title='bbox 364 3212 447 3267; x_wconf 89' lang='lat' dir='ltr'><strong>diciis</strong></span> <span class='ocrx_word' id='word_1_239' title='bbox 466 3213 535 3284; x_wconf 89' lang='lat' dir='ltr'><strong>suis,</strong></span> <span class='ocrx_word' id='word_1_240' title='bbox 555 3212 735 3268; x_wconf 85' lang='lat' dir='ltr'><strong>Plintindori</strong></span> <span class='ocrx_word' id='word_1_241' title='bbox 753 3231 883 3269; x_wconf 89' lang='lat' dir='ltr'><strong>mansum</strong></span> <span class='ocrx_word' id='word_1_242' title='bbox 904 3213 930 3284; x_wconf 90' lang='lat'><strong>1,</strong></span> <span class='ocrx_word' id='word_1_243' title='bbox 950 3211 1151 3270; x_wconf 85' lang='lat' dir='ltr'><strong>Piscolvistorf</strong></span> <span class='ocrx_word' id='word_1_244' title='bbox 1164 3228 1278 3267; x_wconf 86' lang='lat' dir='ltr'><strong>mansos</strong></span> <span class='ocrx_word' id='word_1_245' title='bbox 1294 3208 1367 3280; x_wconf 86' lang='lat'>1111,</span> <span class='ocrx_word' id='word_1_246' title='bbox 1383 3209 1557 3280; x_wconf 82' lang='lat' dir='ltr'><strong>Hovperhc⁸</strong></span> 
     </span>
     <span class='ocr_line' id='line_1_28' title="bbox 364 3312 1558 3389; baseline -0.003 -19"><span class='ocrx_word' id='word_1_247' title='bbox 364 3334 428 3370; x_wconf 91' lang='lat' dir='ltr'><strong>cum</strong></span> <span class='ocrx_word' id='word_1_248' title='bbox 448 3316 580 3372; x_wconf 87' lang='lat' dir='ltr'><strong>omnibus</strong></span> <span class='ocrx_word' id='word_1_249' title='bbox 600 3318 779 3389; x_wconf 84' lang='lat' dir='ltr'><strong>appendiciis</strong></span> <span class='ocrx_word' id='word_1_250' title='bbox 801 3318 861 3373; x_wconf 88' lang='lat' dir='ltr'><strong>suis</strong></span> <span class='ocrx_word' id='word_1_251' title='bbox 877 3323 906 3373; x_wconf 89' lang='lat' dir='ltr'><strong>et</strong></span> <span class='ocrx_word' id='word_1_252' title='bbox 920 3318 1056 3389; x_wconf 90' lang='lat' dir='ltr'><strong>quicquid</strong></span> <span class='ocrx_word' id='word_1_253' title='bbox 1072 3318 1147 3372; x_wconf 86' lang='lat' dir='ltr'><strong>inter</strong></span> <span class='ocrx_word' id='word_1_254' title='bbox 1162 3317 1234 3371; x_wconf 87' lang='lat' dir='ltr'><strong>duas</strong></span> <span class='ocrx_word' id='word_1_255' title='bbox 1249 3314 1435 3370; x_wconf 86' lang='lat' dir='ltr'><strong>Bersiniklras</strong></span> <span class='ocrx_word' id='word_1_256' title='bbox 1450 3312 1558 3368; x_wconf 86' lang='lat' dir='ltr'><strong>cultum</strong></span> 
     </span>
    </p>
   </div>
   <div class='ocr_carea' id='block_1_5' title="bbox 364 3519 1563 4445">
    <p class='ocr_par' dir='ltr' id='par_1_5' title="bbox 364 3519 1563 4445">
     <span class='ocr_line' id='line_1_29' title="bbox 364 3519 1559 3598; baseline -0.003 -20"><span class='ocrx_word' id='word_1_257' title='bbox 364 3524 509 3581; x_wconf 88' lang='lat' dir='ltr'><strong>hohstetin</strong></span> <span class='ocrx_word' id='word_1_258' title='bbox 533 3526 633 3583; x_wconf 90' lang='lat' dir='ltr'><strong>vineas</strong></span> <span class='ocrx_word' id='word_1_259' title='bbox 649 3527 675 3582; x_wconf 90' lang='lat' dir='ltr'>V</span> <span class='ocrx_word' id='word_1_260' title='bbox 690 3533 719 3583; x_wconf 89' lang='lat' dir='ltr'><strong>et</strong></span> <span class='ocrx_word' id='word_1_261' title='bbox 741 3527 897 3598; x_wconf 86' lang='lat' dir='ltr'><strong>dimidiam,</strong></span> <span class='ocrx_word' id='word_1_262' title='bbox 921 3527 1080 3583; x_wconf 80' lang='lat' dir='ltr'><strong>Zeainmuri</strong></span> <span class='ocrx_word' id='word_1_263' title='bbox 1103 3524 1272 3582; x_wconf 87' lang='lat' dir='ltr'><strong>beneficium</strong></span> <span class='ocrx_word' id='word_1_264' title='bbox 1295 3522 1459 3596; x_wconf 85' lang='lat' dir='ltr'><strong>Reginoldi,</strong></span> <span class='ocrx_word' id='word_1_265' title='bbox 1484 3519 1559 3577; x_wconf 81' lang='lat' dir='ltr'><strong>Onlr-</strong></span> 
     </span>
     <span class='ocr_line' id='line_1_30' title="bbox 365 3624 1559 3704; baseline -0.005 -19"><span class='ocrx_word' id='word_1_266' title='bbox 365 3630 467 3703; x_wconf 79' lang='lat' dir='ltr'><strong>kingin</strong></span> <span class='ocrx_word' id='word_1_267' title='bbox 491 3631 591 3688; x_wconf 89' lang='lat' dir='ltr'><strong>vineas</strong></span> <span class='ocrx_word' id='word_1_268' title='bbox 614 3632 644 3686; x_wconf 98' lang='lat' dir='ltr'><strong>II</strong></span> <span class='ocrx_word' id='word_1_269' title='bbox 669 3650 731 3688; x_wconf 88' lang='lat' dir='ltr'><strong>cnm</strong></span> <span class='ocrx_word' id='word_1_270' title='bbox 758 3632 891 3688; x_wconf 89' lang='lat' dir='ltr'><strong>omnibus</strong></span> <span class='ocrx_word' id='word_1_271' title='bbox 911 3632 1089 3704; x_wconf 87' lang='lat' dir='ltr'><strong>appendiciis</strong></span> <span class='ocrx_word' id='word_1_272' title='bbox 1112 3631 1180 3700; x_wconf 86' lang='lat' dir='ltr'><strong>suis,</strong></span> <span class='ocrx_word' id='word_1_273' title='bbox 1197 3627 1377 3700; x_wconf 81' lang='lat' dir='ltr'><strong>Chirblingin</strong></span> <span class='ocrx_word' id='word_1_274' title='bbox 1399 3624 1559 3681; x_wconf 89' lang='lat' dir='ltr'><strong>mansuml</strong></span> 
     </span>
     <span class='ocr_line' id='line_1_31' title="bbox 364 3731 1560 3811; baseline -0.006 -19"><span class='ocrx_word' id='word_1_275' title='bbox 364 3742 393 3792; x_wconf 91' lang='lat' dir='ltr'><strong>et</strong></span> <span class='ocrx_word' id='word_1_276' title='bbox 408 3735 523 3792; x_wconf 89' lang='lat' dir='ltr'><strong>vineam</strong></span> <span class='ocrx_word' id='word_1_277' title='bbox 538 3735 562 3808; x_wconf 86' lang='lat'><strong>1,</strong></span> <span class='ocrx_word' id='word_1_278' title='bbox 579 3737 826 3811; x_wconf 80' lang='lat' dir='ltr'><strong>Viscahigimvndi</strong></span> <span class='ocrx_word' id='word_1_279' title='bbox 841 3756 972 3794; x_wconf 91' lang='lat' dir='ltr'><strong>mansum</strong></span> <span class='ocrx_word' id='word_1_280' title='bbox 987 3736 1012 3808; x_wconf 88' lang='lat'><strong>1,</strong></span> <span class='ocrx_word' id='word_1_281' title='bbox 1034 3736 1110 3792; x_wconf 87' lang='lat' dir='ltr'><strong>Muri</strong></span> <span class='ocrx_word' id='word_1_282' title='bbox 1126 3735 1354 3804; x_wconf 79' lang='lat' dir='ltr'><strong>decimationem,</strong></span> <span class='ocrx_word' id='word_1_283' title='bbox 1371 3733 1407 3787; x_wconf 90' lang='lat' dir='ltr'><strong>ad</strong></span> <span class='ocrx_word' id='word_1_284' title='bbox 1423 3731 1560 3787; x_wconf 85' lang='lat' dir='ltr'><strong>Sanctam</strong></span> 
     </span>
     <span class='ocr_line' id='line_1_32' title="bbox 365 3835 1560 3912; baseline -0.005 -17"><span class='ocrx_word' id='word_1_285' title='bbox 365 3841 558 3897; x_wconf 88' lang='lat' dir='ltr'><strong>Petronellam</strong></span> <span class='ocrx_word' id='word_1_286' title='bbox 573 3842 722 3912; x_wconf 78' lang='lat' dir='ltr'><strong>ecclesiam</strong></span> <span class='ocrx_word' id='word_1_287' title='bbox 738 3861 802 3897; x_wconf 92' lang='lat' dir='ltr'><strong>cum</strong></span> <span class='ocrx_word' id='word_1_288' title='bbox 813 3842 1003 3898; x_wconf 81' lang='lat' dir='ltr'><strong>decimatione</strong></span> <span class='ocrx_word' id='word_1_289' title='bbox 1016 3843 1053 3896; x_wconf 92' lang='lat' dir='ltr'><strong>ad</strong></span> <span class='ocrx_word' id='word_1_290' title='bbox 1064 3839 1281 3908; x_wconf 89' lang='lat' dir='ltr'><strong>Heiminbnrch,</strong></span> <span class='ocrx_word' id='word_1_291' title='bbox 1298 3835 1560 3908; x_wconf 79' lang='lat' dir='ltr'><strong>Ascrichispmklri,</strong></span> 
     </span>
     <span class='ocr_line' id='line_1_33' title="bbox 366 3939 1561 4018; baseline -0.003 -19"><span class='ocrx_word' id='word_1_292' title='bbox 366 3945 484 4003; x_wconf 90' lang='lat' dir='ltr'><strong>Hovilin</strong></span> <span class='ocrx_word' id='word_1_293' title='bbox 504 3952 534 4001; x_wconf 92' lang='lat' dir='ltr'><strong>st</strong></span> <span class='ocrx_word' id='word_1_294' title='bbox 554 3948 589 4002; x_wconf 93' lang='lat' dir='ltr'><strong>de</strong></span> <span class='ocrx_word' id='word_1_295' title='bbox 604 3947 706 4016; x_wconf 80' lang='lat' dir='ltr'><strong>ceteris</strong></span> <span class='ocrx_word' id='word_1_296' title='bbox 722 3947 808 4018; x_wconf 84' lang='lat' dir='ltr'><strong>villis,</strong></span> <span class='ocrx_word' id='word_1_297' title='bbox 829 3964 886 4018; x_wconf 77' lang='lat' dir='ltr'><strong>qne</strong></span> <span class='ocrx_word' id='word_1_298' title='bbox 902 3946 1047 4018; x_wconf 90' lang='lat' dir='ltr'><strong>pertinent</strong></span> <span class='ocrx_word' id='word_1_299' title='bbox 1062 3946 1098 4001; x_wconf 85' lang='lat' dir='ltr'><strong>ad</strong></span> <span class='ocrx_word' id='word_1_300' title='bbox 1114 3945 1243 4015; x_wconf 86' lang='lat' dir='ltr'><strong>predium</strong></span> <span class='ocrx_word' id='word_1_301' title='bbox 1260 3940 1408 4013; x_wconf 88' lang='lat' dir='ltr'><strong>Dietpaldi</strong></span> <span class='ocrx_word' id='word_1_302' title='bbox 1424 3939 1561 3995; x_wconf 90' lang='lat' dir='ltr'><strong>marchio·</strong></span> 
     </span>
     <span class='ocr_line' id='line_1_34' title="bbox 366 4043 1561 4124; baseline -0.01 -15"><span class='ocrx_word' id='word_1_303' title='bbox 366 4054 421 4124; x_wconf 85' lang='lat' dir='ltr'><strong>nis,</strong></span> <span class='ocrx_word' id='word_1_304' title='bbox 445 4053 672 4109; x_wconf 87' lang='lat' dir='ltr'><strong>decimationem.</strong></span> <span class='ocrx_word' id='word_1_305' title='bbox 708 4050 827 4107; x_wconf 89' lang='lat' dir='ltr'><strong>Studehi</strong></span> <span class='ocrx_word' id='word_1_306' title='bbox 855 4069 968 4106; x_wconf 83' lang='lat' dir='ltr'><strong>mansos</strong></span> <span class='ocrx_word' id='word_1_307' title='bbox 994 4051 1032 4122; x_wconf 84' lang='lat' dir='ltr'><strong>X,</strong></span> <span class='ocrx_word' id='word_1_308' title='bbox 1057 4049 1162 4106; x_wconf 86' lang='lat' dir='ltr'><strong>Ascahi</strong></span> <span class='ocrx_word' id='word_1_309' title='bbox 1189 4048 1289 4104; x_wconf 83' lang='lat' dir='ltr'><strong>vineas</strong></span> <span class='ocrx_word' id='word_1_310' title='bbox 1315 4045 1356 4116; x_wconf 92' lang='lat'><strong>11,</strong></span> <span class='ocrx_word' id='word_1_311' title='bbox 1383 4043 1561 4116; x_wconf 81' lang='lat' dir='ltr'><strong>Hunispergi</strong></span> 
     </span>
     <span class='ocr_line' id='line_1_35' title="bbox 366 4148 1559 4231; baseline -0.011 -17"><span class='ocrx_word' id='word_1_312' title='bbox 366 4176 496 4215; x_wconf 88' lang='lat' dir='ltr'><strong>mansum</strong></span> <span class='ocrx_word' id='word_1_313' title='bbox 511 4159 536 4231; x_wconf 86' lang='grc' dir='ltr'><strong>Ι,</strong></span> <span class='ocrx_word' id='word_1_314' title='bbox 560 4158 639 4213; x_wconf 89' lang='lat' dir='ltr'><strong>Halli</strong></span> <span class='ocrx_word' id='word_1_315' title='bbox 655 4157 764 4213; x_wconf 79' lang='lat' dir='ltr'><strong>curtalo</strong></span> <span class='ocrx_word' id='word_1_316' title='bbox 780 4157 794 4213; x_wconf 98' lang='grc' dir='ltr'>Ι</span> <span class='ocrx_word' id='word_1_317' title='bbox 809 4162 838 4213; x_wconf 89' lang='lat' dir='ltr'><strong>et</strong></span> <span class='ocrx_word' id='word_1_318' title='bbox 853 4163 968 4230; x_wconf 82' lang='lat' dir='ltr'><strong>sartago</strong></span> <span class='ocrx_word' id='word_1_319' title='bbox 984 4155 1008 4227; x_wconf 88' lang='lat'><strong>1,</strong></span> <span class='ocrx_word' id='word_1_320' title='bbox 1032 4155 1070 4210; x_wconf 89' lang='lat' dir='ltr'><strong>ad</strong></span> <span class='ocrx_word' id='word_1_321' title='bbox 1084 4153 1176 4210; x_wconf 85' lang='lat' dir='ltr'><strong>Steini</strong></span> <span class='ocrx_word' id='word_1_322' title='bbox 1191 4150 1362 4207; x_wconf 86' lang='lat' dir='ltr'><strong>beneficium</strong></span> <span class='ocrx_word' id='word_1_323' title='bbox 1377 4148 1509 4220; x_wconf 85' lang='lat' dir='ltr'><strong>Pccilini‚</strong></span> <span class='ocrx_word' id='word_1_324' title='bbox 1530 4149 1559 4202; x_wconf 90' lang='lat' dir='ltr'><strong>in</strong></span> 
     </span>
     <span class='ocr_line' id='line_1_36' title="bbox 366 4252 1563 4327; baseline -0.01 -7"><span class='ocrx_word' id='word_1_325' title='bbox 366 4263 538 4320; x_wconf 75' lang='lat' dir='ltr'><strong>barrochia*</strong></span> <span class='ocrx_word' id='word_1_326' title='bbox 562 4262 701 4319; x_wconf 85' lang='lat' dir='ltr'><strong>Chremisi</strong></span> <span class='ocrx_word' id='word_1_327' title='bbox 724 4262 873 4317; x_wconf 90' lang='lat' dir='ltr'><strong>dimidiam</strong></span> <span class='ocrx_word' id='word_1_328' title='bbox 896 4260 1113 4316; x_wconf 88' lang='lat' dir='ltr'><strong>decimationem</strong></span> <span class='ocrx_word' id='word_1_329' title='bbox 1136 4257 1206 4327; x_wconf 86' lang='lat' dir='ltr'><strong>vini,</strong></span> <span class='ocrx_word' id='word_1_330' title='bbox 1230 4271 1287 4327; x_wconf 76' lang='lat' dir='ltr'><strong>que</strong></span> <span class='ocrx_word' id='word_1_331' title='bbox 1308 4260 1377 4309; x_wconf 87' lang='lat' dir='ltr'><strong>tunc</strong></span> <span class='ocrx_word' id='word_1_332' title='bbox 1396 4253 1436 4307; x_wconf 90' lang='lat' dir='ltr'><strong>ibi</strong></span> <span class='ocrx_word' id='word_1_333' title='bbox 1456 4252 1515 4308; x_wconf 84' lang='lat' dir='ltr'><strong>fuit</strong></span> <span class='ocrx_word' id='word_1_334' title='bbox 1533 4257 1563 4308; x_wconf 90' lang='lat' dir='ltr'><strong>et</strong></span> 
     </span>
     <span class='ocr_line' id='line_1_37' title="bbox 366 4355 1562 4445; baseline -0.014 -19"><span class='ocrx_word' id='word_1_335' title='bbox 366 4388 423 4443; x_wconf 73' lang='lat' dir='ltr'><strong>quc</strong></span> <span class='ocrx_word' id='word_1_336' title='bbox 450 4362 491 4427; x_wconf 90' lang='lat' dir='ltr'><strong>ab</strong></span> <span class='ocrx_word' id='word_1_337' title='bbox 527 4369 664 4427; x_wconf 65' lang='lat' dir='ltr'><strong>eorum⁰1</strong></span> <span class='ocrx_word' id='word_1_338' title='bbox 693 4368 837 4445; x_wconf 89' lang='lat' dir='ltr'><strong>tempore</strong></span> <span class='ocrx_word' id='word_1_339' title='bbox 872 4379 974 4444; x_wconf 88' lang='lat' dir='ltr'><strong>usque</strong></span> <span class='ocrx_word' id='word_1_340' title='bbox 1009 4355 1052 4420; x_wconf 89' lang='lat' dir='ltr'><strong>ad</strong></span> <span class='ocrx_word' id='word_1_341' title='bbox 1086 4363 1231 4419; x_wconf 87' lang='lat' dir='ltr'><strong>nostrum</strong></span> <span class='ocrx_word' id='word_1_342' title='bbox 1260 4360 1387 4436; x_wconf 90' lang='lat' dir='ltr'><strong>tempus</strong></span> <span class='ocrx_word' id='word_1_343' title='bbox 1418 4357 1562 4430; x_wconf 85' lang='lat' dir='ltr'><strong>provenit,</strong></span> 
     </span>
    </p>
   </div>
   <div class='ocr_carea' id='block_1_6' title="bbox 366 4610 1561 4767">
    <p class='ocr_par' dir='ltr' id='par_1_6' title="bbox 366 4610 1561 4767">
     <span class='ocr_line' id='line_1_38' title="bbox 367 4610 1561 4685; baseline -0.017 -4"><span class='ocrx_word' id='word_1_344' title='bbox 367 4627 416 4682; x_wconf 76' lang='grc'><strong>26.</strong></span> <span class='ocrx_word' id='word_1_345' title='bbox 472 4629 486 4661; x_wconf 68' lang='lat'><strong>¹)</strong></span> <span class='ocrx_word' id='word_1_346' title='bbox 508 4644 522 4677; x_wconf 88' lang='lat' dir='ltr'><strong>o</strong></span> <span class='ocrx_word' id='word_1_347' title='bbox 551 4643 604 4678; x_wconf 88' lang='lat' dir='ltr'><strong>von</strong></span> <span class='ocrx_word' id='word_1_348' title='bbox 627 4625 767 4677; x_wconf 82' lang='lat' dir='ltr'><strong>darselben</strong></span> <span class='ocrx_word' id='word_1_349' title='bbox 796 4622 879 4674; x_wconf 80' lang='lat' dir='ltr'><strong>Hand</strong></span> <span class='ocrx_word' id='word_1_350' title='bbox 908 4635 957 4671; x_wconf 81' lang='lat' dir='ltr'><strong>aus</strong></span> <span class='ocrx_word' id='word_1_351' title='bbox 986 4635 1000 4669; x_wconf 83' lang='lat' dir='ltr'><strong>c</strong></span> <span class='ocrx_word' id='word_1_352' title='bbox 1025 4619 1172 4685; x_wconf 70' lang='lat' dir='ltr'><strong>corrigiati.</strong></span> <span class='ocrx_word' id='word_1_353' title='bbox 1209 4643 1242 4652; x_wconf 93' lang='lat'>-</span> <span class='ocrx_word' id='word_1_354' title='bbox 1277 4624 1288 4648; x_wconf 74' lang='lat'><strong>⁰</strong></span> <span class='ocrx_word' id='word_1_355' title='bbox 1319 4612 1460 4664; x_wconf 76' lang='lat' dir='ltr'><strong>Conantur</strong></span> <span class='ocrx_word' id='word_1_356' title='bbox 1489 4610 1561 4662; x_wconf 84' lang='lat' dir='ltr'><strong>ohne</strong></span> 
     </span>
     <span class='ocr_line' id='line_1_39' title="bbox 366 4716 460 4767; baseline -0.021 0"><span class='ocrx_word' id='word_1_357' title='bbox 366 4716 460 4767; x_wconf 79' lang='lat' dir='ltr'><strong>Rasna</strong></span> 
     </span>
    </p>
   </div>
   <div class='ocr_carea' id='block_1_7' title="bbox 0 0 1716 5350">
    <p class='ocr_par' dir='ltr' id='par_1_7' title="bbox 0 0 1716 5350">
     <span class='ocr_line' id='line_1_40' title="bbox 0 0 1716 5350; baseline 0 0"><span class='ocrx_word' id='word_1_358' title='bbox 0 0 1716 5350; x_wconf 95' lang='lat' dir='ltr'><strong> </strong></span> 
     </span>
    </p>
   </div>
  </div>
 </body>
</html>
