3400 5350
329 394 394 461 702

373 587 454 657 782.
1019 593 1102 651 1886
1118 593 1283 652 November
1297 592 1349 659 ιδ,
1366 593 1482 652 Genu

328 770 432 854 Popat
464 770 573 837 Urboa
607 770 662 837 VI.
691 771 874 854 beauftrupt
906 771 967 836 deo
999 770 1162 837 Pasaoaer
1191 768 1321 853 official
1349 768 1534 835 Leoabord

328 875 480 956 Seleuco,
509 875 580 940 aaa
608 875 707 959 Stiftc
735 873 890 959 Gittweip
918 876 971 941 die
999 874 1142 958 Pscrrea
1168 874 1265 955 Nata,
1293 873 1434 940 Gronau
1456 873 1533 938 aad

682 981 838 1046 Μανίαν
859 1001 900 1046 aa
921 981 1164 1064 incorporicrca

432 1156 516 1224 Copia
533 1158 657 1208 imese
674 1157 703 1207 tn
721 1172 761 1207 m.
775 1157 826 1207 tae
839 1152 885 1223 (e)
904 1155 961 1207 unu
977 1157 1006 1207 u
1024 1154 1123 1208 conc
1140 1154 1159 1207 f.
1172 1154 1289 1222 ⁸1⁷(c).

431 1320 585 1387 Vrbanus
615 1323 795 1409 episcopus,
826 1342 940 1386 servus
970 1342 1138 1386 servornm
1169 1319 1232 1405 dei,
1263 1317 1379 1384 dilecto
1407 1319 1473 1386 filio
1491 1371 1529 1384 ..

328 1425 457 1491 officiali
471 1426 656 1492 Pataviensi
678 1425 814 1492 salutem
837 1436 871 1492 et
891 1426 1100 1512 apostolicam
1121 1423 1389 1490 benedictionem.
1420 1423 1530 1490 Sacro

328 1528 499 1615 religionis,
531 1530 591 1596 sub
615 1553 679 1617 qua
702 1529 810 1596 dilecti
832 1529 889 1595 filii
906 1582 913 1595 .
931 1581 938 1595 .
955 1529 1059 1596 abbas
1082 1539 1114 1595 et
1136 1539 1313 1595 conventus
1336 1531 1529 1593 monasterii

329 1633 559 1701 Ohotvvicensis
589 1634 709 1701 ordinis
739 1637 842 1701 sancti
865 1633 1035 1701 Benedicti
1058 1635 1259 1700 Pataviensis
1289 1633 1438 1720 dyocesis
1465 1632 1529 1698 de·

328 1749 438 1804 votum
462 1749 494 1805 et
515 1739 663 1805 sedulum
686 1739 843 1806 exhibent
865 1739 994 1806 domino
1017 1739 1218 1824 famulatum,
1245 1748 1446 1826 promeretur
1468 1737 1528 1803 ho

329 1853 436 1908 nestas
458 1867 498 1909 ac
521 1846 603 1910 votis
624 1844 685 1909 illis
701 1867 813 1910 eorum
828 1847 1010 1931 presertim,
1033 1866 1097 1931 quc
1112 1846 1255 1930 ipsorum
1270 1853 1302 1908 et
1317 1842 1394 1909 dicti
1409 1865 1528 1908 eorum

328 1952 512 2015 monasterii
533 1949 701 2016 utilitatem
724 1960 757 2016 et
779 1949 950 2016 comodum
966 1958 1174 2035 concernunt,
1197 1959 1354 2037 quantum
1369 1971 1443 2014 cum
1459 1948 1527 2014 deo

327 2076 506 2142 possumne,
518 2054 737 2120 favorabiliter
752 2077 943 2121 annuamus.
967 2053 1123 2120 Exhibita
1138 2054 1298 2142 siquidem
1312 2053 1405 2119 nobis
1415 2076 1527 2139 nuper

328 2182 387 2247 pro
417 2168 509 2246 parte
539 2158 716 2225 eorundem
749 2160 877 2225 abbatis
908 2169 940 2224 et
970 2169 1148 2226 conventus
1177 2160 1295 2246 peticio
1325 2157 1526 2243 continebat,

328 2263 416 2351 quod
438 2264 599 2351 prefatum
621 2286 733 2329 eorum
755 2266 995 2348 monasterium,
1018 2266 1050 2328 in
1067 2286 1131 2351 qno
1145 2265 1278 2350 triginta
1291 2262 1356 2328 duo
1371 2261 1526 2327 monachi

329 2379 362 2434 et
389 2369 498 2456 plures
529 2371 678 2434 continue
710 2367 838 2435 domino
868 2367 1065 2434 famulantur
1094 2377 1127 2434 et
1157 2370 1209 2433 cui
1239 2366 1403 2455 quoddam
1431 2365 1526 2432 alind

329 2475 557 2540 monasterium
579 2472 763 2539 monialium
786 2473 933 2539 eiusdem
954 2473 1085 2557 ordinis,
1108 2475 1142 2538 in
1164 2495 1227 2560 quo
1249 2474 1362 2559 viginti
1384 2481 1526 2559 quatuor

328 2578 482 2644 moniales
505 2579 656 2664 existunt,
679 2601 719 2644 ac
742 2578 906 2665 quoddam
928 2577 1085 2665 hospitale
1106 2599 1297 2665 pauperum,
1318 2580 1351 2642 in
1374 2598 1436 2663 quo
1459 2586 1525 2640 trs

328 2684 435 2750 decim
463 2707 624 2773 pauperes
654 2693 884 2768 sustentantur,
914 2693 989 2750 sunt
1010 2706 1141 2750 annexa
1163 2693 1196 2748 et
1216 2682 1373 2766 subiecta,
1402 2679 1524 2767 quibus

327 2787 458 2876 quidem
488 2788 680 2855 monialibus
712 2803 744 2854 et
772 2788 971 2876 pauperibus
1000 2790 1062 2875 ipsi
1091 2787 1195 2854 abbas
1221 2798 1254 2854 et
1276 2796 1454 2852 conventus
1476 2784 1523 2850 de

326 2893 485 2959 fructibus
514 2893 593 2959 dicti
623 2915 735 2960 eorum
765 2895 951 2960 monasterii
979 2903 1130 2959 tenentur
1159 2891 1289 2959 cottidie
1316 2894 1349 2957 in
1371 2889 1523 2957 omnibus

327 3001 511 3065 necessaria
533 3002 714 3065 ministrare
735 3009 802 3065 tam
823 3010 956 3087 propter
979 3001 1141 3085 copiosam
1163 2998 1329 3064 hominum
1347 2993 1523 3062 multitudi-

327 3125 403 3169 nem
433 3102 476 3168 ad
506 3105 611 3191 ipsum
641 3106 871 3169 monasterium
893 3102 1131 3186 confluentium,
1159 3124 1257 3190 qnam
1278 3111 1409 3188 propter
1430 3098 1523 3164 bladi

328 3218 361 3273 et
389 3210 456 3272 vini
485 3230 525 3273 ac
553 3209 690 3273 aliorum
718 3206 882 3275 fructuum
903 3210 1083 3294 penuriam,
1113 3229 1176 3294 que
1201 3206 1349 3294 pluribus
1371 3206 1463 3271 annis
1484 3205 1523 3270 in

327 3311 472 3399 partibus
502 3310 562 3377 illis
591 3315 703 3398 viguit,
733 3335 859 3378 necnon
890 3324 1022 3400 propter
1054 3315 1230 3379 maximam
1260 3309 1521 3397 hospitalitatem,

328 3438 425 3503 quam
454 3415 542 3482 idem
572 3416 676 3482 abbas
706 3428 740 3483 et
768 3429 947 3484 conventus
978 3418 1135 3483 hactenus
1157 3425 1371 3483 servaverunt
1392 3424 1424 3481 et
1445 3435 1522 3479 con·

326 3524 415 3586 tinue
438 3542 493 3587 eos
515 3544 647 3588 servare
670 3533 803 3609 oportet,
826 3545 866 3588 ac
889 3523 953 3588 alia
975 3522 1104 3588 diversa
1126 3532 1159 3587 et
1180 3524 1294 3609 gravia
1312 3542 1412 3586 onera
1430 3520 1461 3583 ei
1477 3518 1522 3583 dc

329 3623 381 3689 die
396 3626 429 3691 in
445 3624 530 3691 diem
545 3625 773 3693 incumbenoia
788 3626 872 3693 adeo
888 3637 936 3693 est
951 3626 1133 3693 debitorum
1144 3635 1383 3713 pergravatum,
1395 3622 1522 3688 fructus

327 3752 471 3817 quosque
494 3730 639 3797 redditus
662 3743 695 3798 et
715 3743 892 3820 proventus
916 3731 994 3798 dicti
1017 3754 1127 3798 eorum
1149 3732 1333 3797 monasterii
1346 3731 1379 3795 in
1394 3738 1523 3794 tantum

326 3845 441 3901 tenues
471 3836 579 3902 effecti
606 3848 689 3921 sunt,
720 3837 807 3925 quod
829 3840 891 3925 ipsi
913 3837 1096 3903 huiusmodi
1117 3836 1364 3922 hospitalitatem
1386 3855 1522 3899 servare

328 3950 360 4005 et
390 3962 488 4006 onera
518 3943 564 4007 eis
592 3941 821 4009 incumbenoia
843 3951 1033 4029 supportare
1060 3951 1093 4007 et
1118 3940 1229 4006 debita
1255 3938 1438 4027 persolvere
1464 3959 1521 4003 nc·

328 4054 451 4130 queunt
471 4045 535 4111 ullo
559 4045 653 4112 modo
676 4056 709 4113 et
730 4046 817 4135 quod
837 4049 897 4113 nisi
911 4070 972 4134 per
986 4045 1160 4133 apostolice
1175 4044 1262 4111 sedis
1276 4042 1522 4131 providenciam

327 4147 475 4216 celeriter
497 4161 705 4217 succurratur
727 4151 860 4237 eisdem,
891 4153 1121 4218 monasterium
1143 4153 1249 4237 ipsum
1271 4148 1405 4215 multum
1427 4147 1522 4213 deso

326 4253 387 4320 lari
417 4255 629 4322 verisimiliter
658 4257 859 4323 formidatur.
906 4257 1017 4338 Quare
1038 4278 1098 4344 pro
1120 4265 1212 4343 parte
1241 4253 1370 4320 abbatis
1392 4262 1425 4318 et
1446 4274 1523 4317 con·

326 4369 442 4425 ventus
465 4359 684 4447 predictorum
706 4361 799 4428 nobis
819 4362 881 4427 fuit
901 4361 1064 4427 humiliter
1078 4359 1300 4447 supplicatum,
1324 4367 1360 4423 ut
1374 4360 1407 4422 in
1421 4355 1522 4422 Nelib

328 4472 361 4528 et
381 4467 415 4530 in
437 4464 629 4531 Hofsteten¹
659 4468 754 4533 acin
776 4467 937 4532 Mavvtarn
964 4465 1050 4532 dicte
1073 4465 1209 4531 diocesis
1230 4461 1448 4553 parrochiales
1471 4483 1524 4527 ec

328 4689 394 4747 782.
434 4691 444 4725 ¹
461 4693 506 4745 die
522 4694 617 4746 Pin-ra
634 4696 745 4749 Grunau
763 4694 824 4749 ad
836 4694 955 4749 Pielach.
