3400 5350
1298 388 1360 452 361

171 578 270 643 diana
293 576 413 643 familia
436 599 501 643 non
525 578 676 660 existunt,
706 579 740 641 in
771 576 859 643 dicta
881 578 1037 665 cappella,
1060 601 1264 665 quocumque
1287 589 1363 645 tem·

170 705 249 769 pore
281 692 337 746 aut
366 681 419 746 die
448 681 539 764 finnt,
570 680 710 768 plebano
733 704 791 747 seu
812 685 931 748 rectori
953 683 1038 749 dicte
1061 684 1202 748 matricis
1225 682 1362 748 ecclesie

169 789 295 872 integre
318 795 351 851 et
372 788 441 851 sine
457 784 666 851 diminutione
682 785 826 872 qualibet
839 796 995 874 perpetuo
1011 787 1178 854 debebunt
1194 789 1360 873 assignari.

169 892 342 957 Rectorem
364 912 442 955 vero
465 889 611 977 cappelle
634 890 790 977 prelibato
810 890 886 957 Otto
909 892 1073 978 prodictus
1096 900 1128 957 et
1151 895 1220 957 eius
1242 893 1361 979 posteri

170 1019 230 1083 per
259 1018 317 1061 nos
348 1017 405 1060 seu
433 1017 637 1061 successores
667 1004 791 1061 nostros
819 999 975 1062 canonice
1003 997 1235 1062 instituendum
1264 996 1360 1063 habe·

171 1100 252 1165 bunt
280 1110 477 1187 presentare,
509 1102 563 1186 qui
593 1110 700 1166 tamen
729 1100 770 1165 de
793 1103 1003 1166 sacramentis
1026 1100 1250 1167 ecclesiasticis
1272 1102 1360 1166 mini·

169 1204 310 1270 strandis
341 1215 374 1270 et
403 1204 650 1291 quibuscunque
679 1204 803 1270 iuribus
834 1204 1088 1292 parrochialibus
1112 1204 1304 1270 exhibendis
1327 1207 1360 1270 in

169 1308 255 1375 nullo
286 1310 413 1396 penitus
442 1311 651 1374 intromittere
681 1332 715 1374 se
746 1308 890 1394 debebit,
922 1320 954 1375 et
983 1333 1022 1375 ea
1053 1313 1160 1375 omnia
1189 1333 1209 1374 a
1235 1311 1360 1375 matrici

169 1414 309 1479 ecclesia
338 1414 485 1501 predicta
514 1423 590 1479 sunt
612 1413 754 1500 petenda
776 1424 934 1501 perpetuo
956 1425 989 1480 et
1011 1414 1179 1481 sumenda.
1224 1415 1264 1480 In
1286 1436 1361 1500 quo·

169 1540 241 1584 rum
271 1521 413 1584 omnium
443 1528 475 1584 et
504 1517 701 1604 singulorum
729 1521 945 1585 testimonium
968 1528 1000 1584 et
1022 1518 1224 1584 evidenciam
1249 1540 1360 1604 perpe

168 1635 257 1689 tuam
287 1633 432 1689 nostrum
461 1632 494 1688 et
516 1623 734 1708 prefatorumd
758 1623 885 1688 abbatis
909 1636 942 1688 61
964 1635 1141 1689 conventus
1164 1623 1268 1709 sigilla
1290 1645 1360 1709 pre·

168 1727 314 1793 sentibus
345 1737 419 1792 sunt
447 1750 603 1814 appensa.
648 1728 771 1793 Datum
800 1741 879 1814 aput
902 1728 1057 1795 Sanctum
1079 1727 1244 1815 Ypolitum
1274 1750 1360 1793 anno

169 1831 289 1897 domini
317 1831 482 1898 millesimo
511 1831 595 1898 000
626 1833 785 1897 tricesimo
815 1833 936 1918 quinto,
970 1834 1123 1897 vicesimo
1158 1842 1273 1897 octavo
1307 1831 1359 1896 die

168 1939 287 2002 mensis
310 1938 424 2002 martii.

272 2132 292 2181 I.
316 2130 341 2182 S.
359 2130 383 2181 d.
402 2132 432 2181 Β.
448 2130 542 2182 Albert
559 2147 584 2180 v.
602 2131 711 2191 Passan,
733 2131 873 2195 spitaovai,
896 2131 1047 2196 nngeidrbt,
1070 2131 1110 2181 111
1123 2131 1146 2181 A
1158 2130 1204 2180 ab
1224 2129 1274 2198 (nr.
1287 2129 1357 2197 366).

168 2247 200 2256 -
220 2218 269 2269 ΠΙ.
288 2219 313 2268 S.
326 2219 351 2269 d.
364 2219 447 2270 Abtes
458 2218 603 2285 Wolfgang
625 2235 650 2267 v.
669 2218 803 2286 Gottweig
824 2217 989 2285 beschbdigt,
1012 2218 1142 2284 spitaoval
1162 2216 1288 2284 (65:42),
1311 2234 1359 2267 un·

166 2306 280 2372 goittrbt,
298 2306 339 2356 111
351 2306 374 2356 A
386 2307 402 2354 2
415 2321 439 2356 a
458 2306 593 2356 Umschr.:
613 2307 630 2370 †
647 2306 672 2356 S.
692 2303 918 2372 varlnop·
933 2306 992 2356 Del
1006 2321 1012 2333 ·
1025 2305 1156 2357 GRACIA
1169 2321 1174 2333 ·
1188 2304 1338 2356 ABBATIS
1352 2319 1358 2332 ·

167 2391 434 2445 cnonwlcensffi.
471 2393 502 2442 In
525 2394 600 2443 einer
621 2392 778 2458 gothischer
796 2393 898 2444 Nische
922 2393 956 2443 ist
978 2392 1025 2443 der
1043 2392 1096 2444 Abt
1117 2392 1230 2443 stehend
1248 2407 1283 2443 en
1300 2392 1359 2443 face

167 2479 330 2547 osmanni.

210 2708 288 2777 383.
912 2713 994 2771 1331
1010 2715 1070 2771 Jutt
1089 2713 1138 2780 14,
1155 2715 1313 2786 Gottwetg.

168 2899 317 2965 Gerbord
337 2899 394 2964 der
416 2898 554 2979 Gerousa
577 2900 682 2983 Apros
704 2901 788 2966 seim
810 2900 904 2964 Froo
926 2901 995 2964 aad
1015 2898 1171 2964 Heinrich
1193 2898 1356 2965 16111661-

166 3004 250 3069 bord
271 3005 355 3068 seiae
370 3003 474 3069 So'bne
494 3004 666 3088 verkaufen
687 3004 753 3068 Abt
768 3003 909 3087 Wulfiap
924 3024 984 3069 voa
1000 3003 1154 3086 Gdttweip
1168 3008 1302 3070 1161200
1317 3002 1355 3069 a.

166 3114 210 3173 10
223 3109 259 3189 β.
277 3107 402 3174 Wiener
416 3116 457 3173 1.
474 3107 592 3174 Gidtea
613 3110 658 3173 im
673 3108 813 3191 Betrope
834 3113 954 3173 661113
969 3106 1007 3172 o.
1023 3108 1166 3193 1416111961Ι
1175 3112 1215 3172 61
1231 3106 1357 3173 Wiener

521 3221 562 3277 1.
586 3213 653 3295 auf
668 3213 847 3278 benanatea
871 3211 1004 3280 Gdtera.

270 3404 342 3472 Orig.
360 3403 414 3472 (A),
437 3405 514 3472 Perg.
537 3405 691 3456 seriressen
726 3406 786 3456 Von
808 3406 865 3457 drei
888 3406 998 3473 Sicgein
1024 3422 1060 3457 an
1081 3405 1287 3472 Perg.·Streifen
1310 3405 1357 3457 das

166 3494 261 3544 aweite
278 3491 445 3559 abgefallen3
463 3491 547 3558 copie
565 3494 593 3542 in
612 3491 710 3542 Codc
729 3492 746 3543 f.
762 3494 811 3543 160
824 3491 878 3558 (B).

269 3664 328 3729 Ich
351 3663 494 3730 Gerhart
515 3664 575 3729 der
597 3664 724 3749 Gneus,
747 3665 859 3751 Agnes
882 3669 967 3731 mein
990 3666 1172 3750 housvrotv,
1198 3666 1355 3731 Heinrich

165 3773 251 3836 mein
281 3768 362 3834 alter
392 3791 452 3833 sun
483 3768 549 3834 und
573 3770 699 3836 Gerhat
727 3773 813 3835 mein
843 3774 959 3858 iunget
989 3794 1049 3836 sun
1079 3770 1146 3836 und
1174 3770 1235 3835 alle
1259 3792 1357 3835 unser

165 3874 267 3938 erben
296 3873 450 3938 veriehen
480 3873 548 3939 und
579 3873 636 3939 tun
671 3875 771 3940 chunt
803 3875 876 3961 alle,
912 3876 976 3940 deu
1008 3876 1097 3940 dison
1131 3875 1217 3939 brief
1242 3876 1357 3940 sehent

163 3978 268 4043 lesent
297 3977 377 4042 oder
404 3976 519 4042 horent
550 3979 649 4062 lesen,
678 3979 710 4044 di
733 4001 778 4045 nn
801 3979 911 4045 lebent
932 3979 1011 4045 oder
1033 3979 1175 4044 hernoch
1199 3977 1356 4063 chumftig

164 4082 319 4165 werdent‚
343 4081 404 4146 daz
426 4083 486 4147 wir
508 4085 565 4149 mit
587 4083 778 4150 verdahtem
800 4084 871 4152 mdt
893 4085 960 4150 und
984 4084 1087 4149 durch
1109 4083 1274 4149 noetdurst
1288 4082 1355 4147 und

165 4186 249 4252 auch
271 4211 312 4251 zu
334 4186 395 4251 der
416 4189 488 4271 neit,
512 4186 553 4251 do
576 4189 636 4252 wir
659 4211 696 4252 ez
719 4188 780 4253 wol
801 4189 902 4273 getdn
925 4188 1067 4273 mahteu,
1091 4187 1158 4252 und
1181 4190 1238 4252 mit
1259 4197 1357 4273 gunst

164 4294 287 4356 meines
321 4289 457 4378 aydems
488 4290 654 4356 Gotfrides
688 4291 746 4357 des
777 4292 993 4379 Redepruner
1025 4292 1092 4357 und
1127 4294 1233 4357 seiuer
1262 4291 1355 4355 hous-

164 4399 276 4462 vrodn
306 4394 494 4481 Margreten
523 4395 592 4460 und
621 4395 700 4461 aller
730 4397 759 4461 ir
789 4396 890 4462 erben
920 4397 1004 4462 noch
1034 4408 1085 4462 rat
1114 4419 1212 4461 unser
1241 4395 1356 4460 besten

164 4673 231 4729 882.
267 4676 401 4743 “Foigen
419 4676 476 4727 drsi
494 4677 601 4728 Punkte
619 4682 720 4728 anstatt
736 4678 782 4729 des
800 4678 1009 4746 suegelassenen
1027 4678 1156 4729 Nameus:
1185 4677 1310 4742 Wulfinpr'.
