3400 5350
1285 464 1348 531 347

153 654 303 721 exhibuit
324 654 447 722 litteras
468 655 652 721 felicissime
674 655 913 722 recordacionis
936 657 1057 722 domini
1077 666 1109 721 et
1123 658 1224 743 patris
1240 658 1349 739 nostri,

155 759 277 826 domini
299 760 427 828 Alberti
448 761 667 827 Romanorum
696 763 781 847 regis
812 760 915 848 sigillo
946 761 1083 827 ducatus
1113 762 1255 846 Austris,
1286 782 1350 847 quo

155 887 194 930 eo
218 876 371 953 tempore,
400 887 475 932 curn
498 865 567 931 dux
590 874 676 931 esset
697 865 839 951 Austris,
864 888 940 931 usus
964 875 1043 951 erat,
1071 888 1148 931 vero
1171 874 1204 931 et
1225 867 1350 951 integro

153 969 333 1057 litterisque
349 970 472 1036 eisdem
488 970 585 1036 saluis
601 980 634 1037 et
648 974 781 1059 integris
796 973 947 1058 omnique
962 973 1143 1059 suspicione
1156 970 1350 1054 carentibus,

155 1096 294 1161 quarum
323 1075 502 1142 litterarum
524 1085 617 1141 tenor
638 1098 697 1163 per
719 1077 827 1142 omnia
848 1076 920 1141 talis
943 1086 1006 1142 est:
1036 1076 1115 1161 folpt
1136 1075 1277 1143 wortlicb
1298 1075 1349 1140 ia-

154 1181 267 1246 scrtert
287 1202 337 1247 ar.
353 1186 427 1248 166.
465 1180 620 1248 Volentes
650 1184 760 1269 itaque
789 1184 823 1247 in
850 1183 1014 1268 premissis
1037 1181 1184 1247 omnibns
1208 1181 1349 1248 factast

154 1295 249 1372 gesta
270 1308 329 1373 per
351 1285 535 1373 predictum
557 1286 721 1352 <lominum
744 1295 776 1352 et
798 1296 924 1373 patrem
938 1295 1092 1372 nostrum,
1115 1286 1280 1353 dominum
1294 1286 1348 1352 Al·

154 1389 285 1456 bertum
299 1391 519 1457 Romanorum
541 1413 653 1477 regem
675 1401 769 1476 grata
790 1401 861 1458 rats
884 1403 917 1458 et
938 1392 1032 1458 firme
1046 1414 1106 1479 per
1120 1414 1188 1467 nos.
1211 1390 1351 1457 heredes

156 1505 190 1562 et
209 1518 413 1562 successores
433 1505 558 1562 nostros
576 1496 801 1563 inviolabiliter
821 1497 999 1582 observari,
1022 1496 1143 1564 litteras
1166 1506 1350 1584 prenotatas

156 1600 277 1666 domini
292 1610 325 1667 et
339 1604 439 1688 patris
461 1603 560 1667 nostri
581 1601 622 1667 de
642 1610 732 1668 certa
751 1604 893 1668 sciencia
912 1606 1103 1669 innovamus
1123 1602 1351 1669 confirmamus

156 1715 189 1771 et
211 1706 406 1772 ratificamus
429 1716 585 1794 perpetuo
608 1706 773 1792 valituras,
804 1707 918 1773 dantes
946 1717 1123 1773 memorato
1146 1706 1285 1794 plebano
1309 1708 1350 1773 de

155 1810 305 1878 (lhuleub
336 1821 368 1877 et
398 1813 462 1877 suis
494 1812 734 1878 successoribus
761 1821 928 1899 presentes
955 1813 1077 1880 litteras
1100 1812 1276 1898 sigillorum
1298 1835 1350 1878 no

156 1926 295 1982 strorum
324 1917 499 1982 munimine
529 1916 695 1982 roboratas
722 1919 755 1982 in
777 1919 993 1983 testimonium
1016 1940 1113 2005 super
1136 1940 1183 1984 eo.
1229 1918 1351 1983 Datum

156 2021 298 2087 Wienne
321 2043 405 2087 anno
429 2021 549 2088 domini
571 2021 738 2087 millesimo
760 2021 843 2089 000
868 2023 1028 2089 tricesimo
1050 2025 1163 2109 primo,
1190 2021 1351 2088 dominica

158 2127 349 2213 palmarum.

261 2320 283 2371 1.
301 2320 327 2371 8.
340 2321 365 2372 d.
378 2322 498 2388 Hersogs
515 2320 644 2372 Albrecht
661 2321 697 2372 Π.
715 2321 774 2372 roth
793 2321 841 2372 snt
857 2321 990 2386 schussel,
1012 2321 1080 2373 Abb.
1098 2322 1143 2373 bei
1160 2320 1239 2384 Saus,
1261 2321 1351 2389 Siegel

157 2406 205 2458 der
223 2412 313 2459 ostem.
327 2409 402 2476 Bag„
420 2408 575 2475 Sep-Absit.
587 2408 613 2459 S.
629 2410 678 2459 107
694 2408 753 2475 lig.
768 2409 808 2460 15.
827 2438 861 2446 -
879 2409 913 2460 11.
932 2408 959 2461 S.
972 2408 997 2460 d.
1010 2409 1130 2476 Hersogs
1146 2409 1209 2461 Otto
1227 2409 1287 2460 roth
1305 2409 1354 2461 ans

157 2494 292 2557 Schtlssel,
307 2494 376 2548 Abb.
387 2497 433 2548 bei
450 2495 530 2559 Sava,
548 2495 643 2548 ebend.
656 2495 681 2547 S.
698 2498 746 2546 112
764 2496 823 2562 lig.
837 2498 879 2547 23.

202 2757 279 2828 370.
949 2767 1030 2825 1331
1047 2768 1129 2826 Μιη
1144 2769 1195 2836 26,
1211 2769 1307 2828 Wien.

263 2950 356 3036 cras
368 2931 496 3019 toas
516 2972 578 3017 von
591 2951 804 3037 saeuos,
826 2952 1006 3019 nassau
1026 2954 1062 3018 a
1078 2951 1277 3035 neaman
1301 2954 1350 3018 se-

158 3055 326 3138 wlaadet,
356 3058 431 3124 dass
459 3057 525 3123 ilem
553 3058 638 3122 seiae
659 3056 786 3122 Herren
815 3057 868 3122 die
888 3056 1030 3142 Hersopc
1050 3058 1149 3124 Alber
1169 3057 1259 3146 [IL]
1284 3059 1353 3125 aad

160 3161 230 3227 otte
259 3163 325 3245 auf
347 3162 400 3227 dte
421 3162 513 3227 Bitte
540 3162 608 3227 unet
630 3161 818 3246 Forderanp
847 3163 902 3228 des
924 3162 1077 3246 Pfarrers
1099 3163 1278 3230 Hetereiel
1299 3164 1352 3229 des

161 3265 329 3350 Oalterwet
350 3287 392 3332 aa
407 3265 540 3334 valiub
563 3267 615 3333 die
635 3268 732 3333 iliaca
753 3267 940 3334 sustebende
954 3268 1060 3353 Voptei
1077 3269 1154 3335 uber
1168 3270 1220 3335 dte
1234 3269 1354 3353 Pforre

159 3374 228 3439 aad
250 3373 311 3439 den
335 3372 449 3439 Mortt
477 3378 592 3439 sommt
617 3372 740 3439 Leston
764 3373 834 3440 aad
861 3373 979 3441 Gottten
1004 3373 1140 3442 doselbst
1165 3375 1353 3459 thancpert

160 3478 270 3544 baben.

264 3581 401 3667 stapla.-
424 3581 512 3649 Graf
528 3563 661 3650 lllreich
684 3606 748 3649 von
770 3583 988 3650 Pfannberch.

264 3685 404 3754 Datum:
425 3687 575 3774 gegeben
597 3712 638 3754 zu
660 3689 801 3754 Wienue
824 3687 941 3775 (1331)
965 3688 1023 3756 des
1046 3691 1148 3777 eritag
1170 3690 1254 3756 nach
1278 3689 1353 3755 dem

160 3792 312 3881 pumeg.

265 3952 338 4020 Orig.
351 3950 407 4021 (Δ),
423 3953 501 4019 Perg.
527 3951 654 4003 Dsutsch.
683 3951 772 4018 Sisgsl
790 3969 844 4004 von
862 3955 949 4006 einem
969 3953 1174 4020 Pera-stretton
1191 3954 1352 4020 abgefallen.

205 4214 282 4285 371.
1214 4221 1307 4279 1331.

266 4405 399 4490 Gotfriol
412 4426 473 4471 oon
488 4403 779 4493 Wpldupsmower⁸
798 4406 892 4490 kanft
910 4428 971 4471 noa
989 4405 1160 4472 Fridreict
1174 4405 1352 4472 Ploaclaen·

161 4518 300 4596 stam
324 4511 461 4594 Psorrer
482 4532 523 4576 eu
544 4510 637 4577 Suad
659 4511 816 4593 Petronel,
838 4533 893 4576 um
918 4517 940 4576 7
952 4511 990 4577 a.
1008 4522 1048 4579 3.
1072 4511 1133 4576 den
1153 4510 1271 4576 Zebent
1293 4532 1354 4576 voa

163 4774 226 4830 371.
264 4788 277 4812 ⁸
295 4777 327 4830 A.
345 4782 410 4829 statt
430 4775 672 4843 prlunpamawer.
