3400 5350
1263 448 1322 512 141

228 643 302 710 Orig.
320 641 373 712 (Δ),
392 642 470 709 Perg.
506 641 643 693 Bleibulle
666 656 702 692 an
726 642 802 693 einer
819 640 989 709 roth-gelben
1006 641 1217 706 Seidenechnur;
1240 641 1324 708 Copie

126 735 155 784 in
173 733 237 784 cod.
252 732 274 783 0
291 731 309 782 f.
323 727 386 781 319'
398 730 453 799 (B).

230 852 336 914 Karlin,
354 854 405 903 313
424 868 464 902 nr.
476 852 519 902 48.
537 879 571 889 -
589 850 720 914 Potthast,
737 850 804 917 Bag.
822 867 863 902 nr.
878 851 971 902 16828.

230 976 287 1026 Aul
306 975 354 1026 der
376 975 548 1026 Aussenseite
572 973 619 1024 des
643 973 733 1039 Buges
755 973 844 1023 rechta
867 974 903 1022 ist
924 988 978 1023 von
1001 971 1048 1024 dar
1071 972 1152 1023 Hand
1175 972 1221 1023 dea
1245 972 1324 1022 Text

126 1064 277 1117 schreibere
294 1064 344 1113 mit
360 1062 482 1129 gleicber
492 1062 573 1112 Tinte
591 1060 738 1112 vermerlrt:
757 1059 818 1123 ‚Ala
834 1063 913 1125 scfi.‘;
930 1059 1003 1110 links
1021 1066 1100 1111 nnter
1117 1059 1177 1111 dem
1189 1060 1266 1124 Buge
1284 1059 1325 1110 ale

126 1150 355 1203 Kostenvermerk
381 1152 449 1200 nwei
476 1148 694 1201 nebeneinander
719 1148 843 1215 gestellte
870 1147 989 1213 Punlrt03
1020 1147 1147 1198 darunter
1173 1149 1219 1198 siu
1245 1148 1324 1213 spite

126 1238 288 1304 winkeliger
311 1237 417 1300 Haken,
439 1236 487 1287 der
508 1237 557 1286 mit
579 1236 625 1286 der
648 1234 738 1302 Spitze
760 1250 848 1300 gagen
872 1233 924 1286 den
948 1235 1176 1285 Kostenrermerk
1193 1234 1325 1300 geriohtet

125 1363 167 1412 ist.
204 1359 262 1411 Aur
277 1359 325 1411 dar
342 1358 488 1410 Ritclrseite
506 1360 534 1409 in
553 1358 599 1408 der
618 1358 696 1408 Mitte
714 1357 761 1407 des
778 1358 878 1408 oberen
896 1355 1052 1422 Randes:†
1077 1322 1211 1443 {33:233
1228 1357 1254 1422 †.

232 1551 248 1637 ξ
274 1548 466 1615 Alexander
491 1550 506 1635 ξ
536 1551 715 1635 episcopus,
751 1569 865 1613 servus
899 1569 1068 1612 servornm
1101 1545 1165 1627 dei,
1200 1546 1324 1613 dilectis

127 1656 198 1721 filiis
221 1654 356 1720 abbati¹
378 1662 411 1718 et
425 1656 598 1718 conventui
613 1655 799 1719 monasterii
815 1651 1067 1718 Choetwicensis
1084 1650 1204 1716 ordinis
1220 1653 1323 1716 sancti

129 1759 298 1825 Benedicti
320 1759 522 1824 Pataviensis
546 1757 682 1822 diocesis
706 1756 842 1823 salntem
858 1765 891 1822 et
905 1755 1114 1842 apostolicam
1130 1754 1325 1821 benedictio

128 1886 212 1929 nem.
243 1863 341 1929 Iustis
363 1864 542 1948 petentium
565 1861 734 1927 desideriis
756 1862 890 1947 dignum
906 1869 956 1925 est
970 1882 1028 1926 nos
1044 1860 1172 1925 facilem
1186 1859 1325 1946 prebere

130 1991 323 2034 consensum
347 1976 479 2051 strete,
503 1989 566 2053 quc
582 1989 602 2031 a
616 1969 747 2031 rationis
763 1968 890 2031 tramite
904 1987 969 2030 non
985 1964 1181 2050 discordant,
1205 1965 1325 2030 effectu

130 2081 345 2160 prosequente
368 2071 538 2158 complere.
570 2070 653 2136 Cum
675 2072 773 2155 igitur
795 2073 879 2135 sicut
901 2072 1010 2155 petitio
1032 2079 1141 2134 vestra
1160 2070 1252 2133 nobis
1268 2090 1323 2133 ex-

131 2177 231 2243 hibita
263 2175 460 2259 continebat,
491 2174 576 2239 bone
606 2176 782 2239 memorie⁸
814 2174 1016 2239 Pataviensis
1047 2173 1241 2260 episcopus8
1275 2176 1325 2237 eui

131 2282 261 2369 capituli
292 2280 471 2347 accedente
502 2302 661 2345 consensu
692 2280 864 2344 ecclesiam
893 2279 933 2344 de
955 2278 1074 2345 Pircha
1097 2301 1155 2344 sue
1179 2278 1324 2363 diocesis,

132 2389 164 2453 in
194 2410 262 2474 qua
295 2388 345 2451 ius
378 2393 566 2472 patronatus
600 2384 736 2468 habene,
770 2384 863 2451 vobis
895 2394 926 2449 et
956 2407 1015 2470 per
1043 2406 1102 2449 vos
1132 2386 1325 2449 monasterio

132 2503 246 2576 vestro,
271 2500 366 2578 prout
388 2490 557 2578 spectabat
579 2490 623 2556 ad
645 2513 729 2574 enm,
752 2492 806 2576 pia
829 2499 862 2555 et
884 2488 1020 2576 provida
1041 2488 1232 2554 liberalitate
1253 2510 1325 2553 con-

133 2600 264 2664 cesserit
289 2599 323 2661 in
348 2617 425 2660 usus
447 2617 628 2683 pauperum
650 2594 814 2682 hospitalis
836 2596 936 2681 ipsius
959 2596 1144 2659 monasterii
1168 2602 1324 2682 perpetuo

131 2702 334 2769 retinendam
357 2711 523 2766 reservata
546 2702 678 2785 vicario,
702 2703 757 2788 qui
779 2723 837 2787 pro
860 2710 1005 2787 tempore
1027 2700 1124 2764 fuerit
1146 2702 1178 2763 in
1199 2698 1324 2783 eadem,

134 2806 174 2872 de
200 2810 302 2894 ipsius
333 2805 544 2893 proventibus
574 2827 719 2891 congrua
747 2806 899 2890 porcione
928 2826 987 2891 pro
1014 2806 1244 2869 sustentatione
1267 2825 1325 2868 sua

133 2921 165 2976 et
192 2912 235 2977 ad
267 2910 377 2977 debita
408 2912 671 2997 procurationum
701 2910 865 2975 diocesani
894 2908 956 2973 loci
987 2916 1019 2972 et
1045 2907 1108 2972 alia
1131 2929 1230 2972 onera
1252 2907 1324 2971 sub

134 3015 248 3099 cunda,
279 3019 363 3081 sicut
391 3018 425 3079 in
453 3015 567 3081 litteris
590 3014 666 3079 inde
690 3013 845 3079 conlectis
869 3013 986 3078 dicitnr
1008 3011 1134 3098 plenius
1157 3013 1323 3076 contineri.

132 3120 199 3185 Nos
224 3123 340 3186 vestris
368 3120 655 3207 supplicationibus
677 3119 830 3203 inclinati,
860 3117 947 3204 quod
970 3117 1012 3181 ab
1036 3115 1151 3181 eodem
1173 3117 1325 3202 episcopo

133 3246 230 3312 anper
259 3224 320 3290 hoc
350 3224 487 3311 provide
517 3224 638 3289 factum
669 3233 728 3308 est,
759 3232 865 3288 ratum
893 3231 926 3287 et
954 3231 1082 3306 gratnm
1113 3220 1269 3285 habentes
1292 3219 1325 3284 id

132 3331 321 3395 auctoritate
344 3328 519 3416 apostolica
542 3328 769 3393 confirmamus
793 3336 825 3391 et
846 3328 1006 3412 presentis
1021 3327 1132 3411 scripti
1148 3325 1324 3411 patrocinio

133 3436 375 3499 communimus.
406 3431 495 3498 Nulli
517 3454 594 3518 ergo
618 3435 745 3497 omnino
768 3432 934 3496 hominnm
955 3429 1053 3495 liceat
1071 3429 1156 3494 hane
1171 3430 1326 3516 paginam

132 3548 242 3602 nostre
258 3539 505 3603 confirmationis
528 3537 705 3621 infringere
727 3535 781 3601 vel
804 3538 834 3600 ei
857 3558 939 3600 ausu
960 3536 1132 3600 temerario
1155 3535 1324 3599 contraire.

132 3640 168 3708 Si
192 3645 262 3727 quis
282 3652 390 3708 autem
409 3642 471 3706 hoc
486 3649 679 3727 attemptare
694 3643 936 3727 presumpserit,
958 3638 1213 3725 indignationem
1228 3639 1326 3702 omni·

131 3749 271 3831 potentis
301 3748 353 3813 dei
384 3757 416 3812 et
445 3746 614 3812 beatorum
644 3747 733 3811 Petri
763 3755 796 3811 et
822 3745 915 3811 Pauli
944 3743 1161 3830 apostolorum
1192 3745 1260 3809 eius
1290 3765 1325 3807 se

131 4005 197 4064 lae.
236 4020 248 4044 ⁸
265 4012 342 4078 Folgt
360 4013 405 4062 eiu
422 4010 509 4063 leerer
526 4012 612 4063 Reum
631 4012 674 4062 ftr
691 4011 744 4063 deu
761 4010 968 4077 suegelaseenen
987 4010 1099 4061 Nemeo.

240 4130 316 4185 ²Abt
337 4133 490 4185 Helmwich
513 4149 565 4184 von
589 4133 730 4200 Guttweig.
766 4133 863 4184 Dieeer
886 4133 969 4197 kann,
993 4131 1028 4183 da
1050 4132 1104 4182 Abt
1125 4130 1256 4181 Heinrich
1276 4130 1326 4179 ΙΙΙ.

132 4218 205 4269 noch
232 4221 293 4270 1256
315 4221 467 4272 December
486 4222 517 4270 14
540 4220 580 4271 als
599 4222 689 4287 Zeuge
712 4220 834 4271 erwiihnt
856 4219 922 4270 wird
945 4218 996 4286 (nr.
1015 4216 1075 4286 132)
1099 4218 1154 4269 und
1176 4217 1256 4267 acmit
1273 4221 1327 4267 erat

132 4305 215 4356 Ende
233 4307 376 4360 December
393 4309 536 4374 resigniert
552 4308 641 4359 haben
659 4308 773 4369 moehte,
791 4312 846 4359 erst
862 4306 940 4358 Ende
957 4306 1107 4357 December
1126 4304 1193 4355 1256
1212 4303 1276 4355 oder
1293 4320 1327 4353 nn

132 4392 244 4460 Beginn
259 4394 303 4446 des
319 4396 417 4447 Jahres
437 4396 503 4445 1257
522 4394 575 4445 Abt
592 4395 734 4461 geworden
752 4396 818 4445 sein.
843 4421 876 4431 -
898 4392 910 4423 ¹
928 4393 974 4445 Nr.
987 4394 1029 4456 52,
1048 4392 1158 4443 wonach
1177 4391 1265 4441 dieser
1282 4392 1327 4440 ein

134 4479 239 4529 Drittel
258 4481 301 4532 das
321 4483 381 4533 dem
400 4481 553 4533 Hochstifte
571 4482 671 4532 Pasaan
694 4482 840 4548 gehbrigen
859 4481 992 4531 Zehantea
1014 4481 1042 4529 in
1061 4478 1108 4530 der
1126 4477 1219 4529 Pfarre
1237 4478 1328 4543 Pyhra

134 4565 197 4616 dem
217 4566 374 4637 Guttneiger
390 4569 624 4635 Armenhospitale
641 4569 777 4621 schenkte.
810 4570 867 4619 Der
880 4567 1022 4634 Vergleieh
1041 4567 1129 4632 ergibt
1145 4566 1190 4616 fiir
1207 4565 1251 4615 die
1268 4582 1328 4617 vor-

134 4653 262 4718 liagende
277 4657 407 4708 Urkunde
429 4658 491 4708 eine
513 4657 589 4707 nicht
608 4658 720 4723 geringa
738 4654 960 4723 Ungenauigkeit
977 4655 1006 4704 in
1025 4654 1072 4705 der
1084 4653 1263 4719 Wiedergabe
1281 4653 1328 4705 der

135 4740 292 4809 Vflrfligung
309 4747 336 4795 in
354 4762 393 4796 nr.
407 4744 450 4795 52.
1114 4777 1116 4779 ·
