3400 5350
345 315 408 381 802

342 507 429 572 modi
458 490 561 594 gratie
590 508 740 595 impediri
761 509 871 577 valeat
892 531 979 596 quon
1004 558 1541 578 .................

343 767 349 781 .
376 767 382 780 .
408 768 415 781 .
446 716 538 781 tialis.
578 716 643 782 Seu
674 720 700 783 si
730 717 826 783 hodie
857 740 915 804 pro
947 718 1010 783 alio
1040 718 1093 783 vel
1123 718 1192 785 aliis
1223 742 1322 806 super
1353 719 1460 806 equali
1484 720 1541 784 vel

341 820 509 908 equalibus
539 824 644 908 gratia
673 844 732 888 seu
760 824 872 908 gratiis
904 822 945 887 de
972 821 1155 888 huiusmodi
1176 823 1334 889 beneficio
1358 846 1414 889 seu
1437 823 1540 888 bene·

340 924 422 990 ficiis
447 973 1536 995 ..................................

341 1081 835 1098 ................
860 1031 918 1096 tuli
941 1034 1168 1097 canonicorum
1189 1043 1223 1098 et
1236 1054 1449 1119 personarum
1462 1056 1539 1118 pre

340 1134 498 1200 dictorum
528 1138 741 1202 communiter
770 1135 824 1200 vel
855 1135 982 1201 divisim
1009 1139 1188 1223 pertinente
1215 1159 1273 1203 seu
1295 1138 1534 1224 pertinentibus

337 1238 459 1305 litteras
481 1251 606 1306 nostras
629 1240 810 1325 duxerin[t]
834 1289 1533 1307 ......................

337 1452 498 1515 stitutione
520 1450 696 1537 apostolica
718 1453 878 1516 contraria
900 1474 963 1516 non
987 1450 1145 1535 obstante,
1168 1461 1223 1516 aut
1245 1450 1332 1537 quod
1353 1449 1443 1515 idem
1465 1452 1536 1517 An·

337 1552 443 1639 dress,
466 1564 503 1620 ut
523 1557 648 1639 asserit,
671 1558 897 1622 canonicatum
919 1565 952 1621 et
966 1555 1168 1642 prebendam
1183 1555 1320 1621 ecclesie
1335 1566 1428 1621 sanct
1444 1607 1452 1622 .
1470 1607 1477 1621 .
1497 1609 1505 1622 .
1524 1608 1533 1623 .

337 1814 992 1832 .....................
1009 1766 1244 1851 possessionem
1259 1764 1402 1830 nondum
1416 1764 1530 1848 habet,

334 1871 365 1933 in
396 1869 513 1956 palatio
543 1870 716 1957 apostolico
746 1872 888 1935 noscitur
917 1869 1052 1955 litigare.
1098 1869 1266 1935 Voluimus
1296 1870 1403 1953 etiam,
1439 1870 1528 1957 quod

334 1973 477 2059 prefatus
493 1974 643 2040 Andreas
660 1996 756 2061 quam
778 1997 819 2061 pr
835 2022 1296 2040 ...............
1303 2037 1305 2041 ,
1322 2025 1524 2039 .......

334 2127 1450 2145 ...................................
1474 2101 1524 2143 ec-

334 2182 465 2248 elesiam
490 2185 523 2247 in
547 2182 663 2266 Chulb,
687 2205 784 2269 super
806 2205 880 2270 qua,
904 2192 940 2247 ut
960 2183 1132 2268 prefertur,
1154 2182 1267 2268 litigat,
1291 2185 1317 2248 si
1339 2182 1425 2248 illam
1446 2185 1527 2249 inte

330 2289 391 2352 rim
421 2289 597 2371 evinceret,
627 2309 725 2374 quam
752 2309 796 2352 ex
818 2298 896 2353 tunc
918 2309 1037 2352 vacare
1061 2286 1265 2353 decrevimus
1289 2337 1487 2353 .......
1517 2342 1524 2353 .

331 2547 695 2561 ............
726 2506 900 2580 teneretur,
935 2495 1087 2582 quodque
1117 2507 1189 2582 post
1218 2497 1468 2581 quinquennium
1499 2520 1524 2562 a

330 2601 508 2686 da{tione]b
531 2604 727 2688 presentium
749 2600 927 2667 litterarum
951 2600 1201 2687 computandum
1217 2600 1396 2666 earundem
1408 2602 1525 2687 vigore

328 2704 459 2793 aliquod
485 2704 706 2795 beneficiu[m]
731 2755 1515 2772 .........................

327 2926 435 2981 actum
462 2916 544 2981 foret
569 2918 602 2981 in
629 2918 801 3002 premissis.
844 2915 1006 2996 Quocirca
1029 2915 1214 2980 discretioni
1235 2923 1343 2978 vestre
1366 2937 1427 3000 per
1448 2937 1520 3000 apo-

327 3020 440 3086 stolica
462 3022 582 3108 scripta
605 3020 807 3104 mandamus,
831 3023 980 3107 quatinus
1003 3042 1061 3084 vos
1083 3019 1137 3084 vel
1159 3020 1222 3085 dno
1245 3019 1351 3102 a[ut]b
1374 3042 1482 3084 unus.
1507 3066 1515 3081 .

952 3237 1159 3295 ,servatum
1192 3250 1249 3293 seu
1282 3237 1456 3309 reservata,
1491 3230 1517 3291 si

324 3342 469 3420 tempore
499 3281 683 3399 lruiusmodi
711 3280 819 3399 nostre
849 3334 1076 3399 reservationis
1106 3332 1247 3398 vacabat
1274 3353 1332 3397 seu
1354 3330 1516 3397 vacabant

324 3436 378 3502 vel
404 3447 515 3524 postea
542 3440 673 3503 vacavit
699 3459 757 3503 seu
780 3438 1030 3522 [vaJcaveruntb
1055 3486 1514 3503 ...............

323 3650 374 3713 tiis
406 3647 599 3734 supradictis
629 3648 755 3735 prefato
785 3647 919 3713 Andree
949 3658 1021 3733 post
1049 3647 1303 3733 acceptationem
1336 3645 1517 3731 predictam

323 3755 511 3818 auctoritate
541 3761 651 3818 nostra
680 3751 827 3818 conferre
858 3763 890 3817 et
920 3753 1084 3837 assignare
1115 3752 1234 3816 curetis
1265 3749 1438 3816 inducente
1472 3799 1480 3813 .
1506 3799 1514 3812 .

323 4009 821 4027 ................
844 3964 1026 4046 iuriumque
1049 3971 1081 4026 et
1102 3961 1367 4045 pertinentiarum
1389 3956 1513 4044 predic·

320 4079 426 4132 torum
455 4076 487 4132 et
519 4065 730 4132 defendentes
759 4066 927 4131 inductum
956 4088 996 4130 ac
1025 4065 1180 4130 facientes
1211 4062 1272 4128 sibi
1300 4062 1342 4127 de
1363 4061 1514 4127 beneficii

321 4194 377 4236 seu
407 4171 638 4237 beneficiorum
669 4170 902 4255 h[uiusmo]di'’
932 4170 1120 4253 fru[etibus]
1145 4216 1513 4235 ............

320 4402 384 4445 non
411 4380 611 4446 obstantibus
639 4380 787 4446 omnibus
817 4379 1010 4466 supradictis
1040 4401 1097 4444 seu
1127 4380 1155 4442 si
1177 4379 1327 4464 episcopo
1350 4377 1517 4462 preposito

318 4605 385 4661 889.
424 4608 437 4643 ¹²
454 4609 610 4660 Verwischt.
