3400 5350
362 429 425 495 150

359 624 427 675 mals
453 623 508 675 und
530 637 601 673 atvar
627 627 715 684 unter,
741 623 792 673 wie
819 637 848 672 cs
874 621 987 683 schoiut,
1015 621 1207 687 vollstt'udiger
1228 623 1386 688 Negierung
1411 621 1553 673 desselben

359 713 388 762 in
415 712 491 762 ciucr
517 708 691 761 nensrlichen
713 708 888 775 Appellatiou
915 723 950 759 an
973 709 1017 759 die
1039 708 1120 761 Curia
1143 708 1193 759 aut
1212 709 1265 759 den
1288 708 1450 760 urkundlich
1477 709 1554 759 nicht

358 798 436 848 mehr
466 796 658 862 vorliagcnden
688 794 883 861 Schiedsprnch
913 796 961 846 der
995 801 1084 847 craten
1118 812 1170 847 von
1200 797 1303 863 Gregor
1331 796 1377 845 lX.
1407 795 1553 847 bestollten

358 883 569 936 Schiedsrichtcr
591 883 685 945 berief,
708 882 824 934 welchsr
846 882 906 933 dort
927 882 996 934 auch
1014 882 1099 949 Folge
1120 884 1243 950 gegeben
1264 883 1363 934 worda.
1399 882 1461 934 Wie
1479 882 1553 934 diosc

358 985 428 1022 neue
445 970 533 1022 Phara
550 970 597 1021 des
615 971 690 1021 mehr
707 969 748 1020 als
765 968 1003 1035 hundortjthrigcn
1022 970 1161 1020 Processes
1179 969 1286 1020 endlicb
1305 969 1362 1020 sich
1381 969 1554 1021 entwickelts

359 1058 414 1108 und
435 1056 581 1120 abschloss,
604 1056 720 1108 darttbcr
737 1055 828 1107 fehlen
847 1056 892 1107 dic
910 1055 1107 1106 urkuudlichen
1126 1056 1235 1122 Belege.
1271 1056 1330 1106 wir
1347 1056 1438 1108 finden
1452 1057 1553 1123 jadoeb

358 1146 494 1210 Gottweig
511 1146 602 1210 opiter
619 1144 656 1194 im
674 1143 789 1210 rubigen
807 1143 914 1195 Besitze
931 1142 979 1193 der
996 1144 1131 1209 strittigen
1150 1143 1243 1204 Gttter,
1265 1160 1320 1195 was
1339 1160 1390 1194 nur
1406 1144 1458 1196 auf
1472 1145 1553 1195 einen

357 1231 401 1283 tur
417 1231 552 1296 Gottweig
568 1231 712 1298 gumugon
729 1229 937 1297 Rechtsspruch,
959 1244 1037 1281 wenn
1060 1230 1212 1297 ilbcrbaupt
1230 1232 1275 1281 ein
1292 1229 1398 1282 solcber
1416 1230 1553 1282 uoohmals

358 1318 481 1384 eriolgte,
499 1317 645 1369 schliesscn
663 1316 736 1368 ltsst

462 1489 612 1557 Clemens
646 1491 825 1576 episcopus,
864 1512 978 1555 seruus
1012 1513 1179 1556 servorum
1213 1491 1275 1572 dei,
1314 1491 1431 1557 dilecto
1466 1493 1553 1559 filio·

357 1593 490 1660 abbati¹
520 1593 680 1660 Sewensis
711 1596 896 1659 monasterii
926 1593 1047 1660 ordinis
1077 1598 1180 1659 sancti
1209 1594 1380 1660 Benedicti
1402 1596 1553 1663 Salzbur·

357 1700 466 1784 gensis
489 1697 625 1763 diocesis
648 1698 785 1764 salutem
808 1707 840 1764 et
856 1697 1063 1784 apostolicam
1079 1697 1347 1765 benedictionem.
1377 1700 1443 1766 Sua
1458 1701 1553 1768 nobis

358 1802 494 1869 dilectus
516 1801 600 1868 filius
623 1802 749 1868 abbas²
774 1804 961 1867 monasterii
983 1802 1153 1867 Rothensis
1175 1804 1328 1889 petitione
1351 1808 1554 1892 monstravit,

358 1906 446 1995 quod
474 1929 548 1973 cum
575 1910 644 1993 ipsc
668 1915 802 1972 contra·
824 1906 977 1972 abbatem
1000 1909 1184 1971 monasterii
1205 1906 1435 1973 Ohotwicensis
1457 1911 1554 1977 Pata·

357 2013 478 2077 viensis
508 2010 645 2077 diocesis
676 2033 773 2097 super
802 2011 906 2093 terris,
937 2010 1192 2097 possessionibus
1215 2022 1248 2079 et
1272 2012 1370 2078 rebus
1393 2013 1463 2079 aliis
1486 2014 1554 2080 ad·

358 2115 548 2200 decanum,⁸
581 2116 817 2182 thesaurarium
851 2122 905 2180 et·
939 2124 1104 2181 cantorem
1137 2115 1274 2182 ecclesie
1305 2116 1554 2205 Salzburgcnsis

356 2221 478 2287 litteras
501 2219 692 2307 apostolicas
714 2222 926 2306 impetrasset,
950 2219 1048 2285 iidem
1071 2219 1204 2305 iudices,
1227 2223 1303 2307 quia
1327 2220 1432 2287 dictus
1448 2224 1554 2290 abbas

358 2324 589 2392 Chotwioensis
618 2327 733 2391 citatus
760 2324 901 2409 legitime
929 2345 1118 2410 comparere
1145 2347 1255 2390 coram
1280 2328 1315 2390 in
1340 2326 1468 2413 prefixo
1492 2339 1554 2394 ter·

357 2430 443 2495 mino
477 2432 669 2515 peremtorio
702 2431 897 2515 competenti
931 2431 1163 2494 contumaciter
1196 2427 1381 2515 denegavit,
1418 2444 1555 2519 propter

357 2532 540 2601 huiusmodi
563 2535 796 2599 contumaciam
819 2534 1022 2600 manifestam
1047 2531 1187 2598 eundem
1209 2533 1360 2600 abbatem
1375 2535 1554 2605 Rotensern

357 2640 390 2704 in
423 2640 658 2725 possessionem
692 2647 862 2723 terrarum,
895 2640 1134 2726 posscssionum
1167 2647 1200 2704 et
1228 2660 1336 2706 rerum
1366 2639 1553 2709 huiusmodi

357 2746 527 2829 petitarum
543 2743 576 2808 in
591 2741 708 2808 iudicio
721 2764 820 2808 causa
835 2743 979 2808 custodie
995 2742 1201 2828 induxerunt,
1215 2766 1313 2830 quam
1325 2748 1469 2812 nancisci
1486 2771 1554 2814 non

355 2848 458 2934 potuit
479 2856 610 2934 propter
633 2848 808 2933 potentiam
830 2857 863 2912 et
884 2847 1039 2912 malitiam
1059 2848 1161 2933 partis
1183 2847 1322 2914 adverse
1345 2873 1405 2937 per
1427 2874 1552 2920 annum

356 2961 388 3017 et
416 2952 562 3037 amplius,
593 2961 791 3038 quapropter
819 2950 907 3017 idem
936 2950 1039 3017 abbas
1062 2952 1211 3017 Rotensis
1240 2956 1332 3040 potiit
1361 2955 1423 3021 sibi
1452 2979 1553 3044 super

354 3057 417 3123 hoc
439 3056 612 3144 apostolice
636 3056 722 3122 sedis
744 3056 949 3144 providentia
972 3056 1146 3122 subveniri.
1179 3058 1342 3139 Quocirca
1365 3060 1550 3127 discretioni

354 3170 409 3227 tue
432 3183 491 3248 per
512 3160 689 3247 apostolica
710 3163 831 3247 scripta
854 3160 1056 3244 mandamus,
1090 3170 1248 3247 quatenus
1271 3165 1299 3227 si
1320 3166 1365 3229 ita
1387 3175 1445 3249 est,
1474 3189 1549 3232 eun·

356 3264 430 3331 dem
464 3263 618 3331 abbatem
643 3264 818 3331 Rotensem
848 3266 882 3330 in
915 3264 1093 3331 earundem
1126 3274 1286 3332 terrarum
1314 3272 1549 3354 possessionem

355 3378 388 3435 et
415 3390 524 3433 rerum
556 3368 690 3434 inducas
720 3378 753 3434 et
785 3370 868 3434 sicut
900 3371 1017 3434 iustum
1052 3369 1157 3453 fuerit,
1193 3369 1349 3437 defendas
1379 3372 1548 3440 inductum

356 3471 606 3538 contradictores
639 3494 698 3558 per
732 3495 902 3538 censuram
938 3473 1191 3539 ecclesiasticam
1221 3474 1435 3561 appellatione
1466 3489 1548 3564 post-

354 3578 457 3662 posita
480 3576 725 3662 compescendo.
756 3577 870 3642 Testes
893 3587 1012 3662 autem,
1036 3580 1091 3664 qui
1113 3577 1233 3644 fuerint
1260 3582 1424 3666 nominati,
1455 3584 1483 3647 si
1513 3604 1548 3648 se

354 3682 459 3766 gratia
481 3678 554 3745 odio
577 3680 629 3746 vel
657 3682 770 3747 timore
799 3682 1031 3768 subtraxerint,
1063 3704 1202 3750 censura
1232 3683 1326 3749 simili
1355 3685 1549 3772 apellatione

355 3793 502 3849 cessante
530 3783 703 3871 compellas
732 3787 857 3852 veritati
884 3789 1101 3853 testimonium
1123 3787 1306 3873 perhibere.
1351 3790 1475 3856 Datum
1495 3792 1549 3857 Vi·

353 3887 448 3954 terbii
463 3888 539 3955 VH.
556 3888 715 3954 kalendas
738 3891 825 3973 iunii,
849 3891 1054 3976 pontificatus
1077 3893 1177 3957 nostri
1200 3914 1283 3958 anno
1306 3893 1459 3961 secundo.

397 4131 473 4198 lbl.
1019 4141 1102 4199 laos
1119 4142 1201 4216 April
1218 4142 1267 4208 16,
1283 4142 1505 4203 ΨηίεΙιΙηΙιοιι.

352 4302 500 4370 mooe
524 4324 585 4369 ooo
606 4304 793 4392 Hoheoberp
814 4308 981 4392 oerpleiolat
1001 4309 1069 4376 oieb
1091 4311 1158 4393 auf
1173 4311 1225 4376 die
1246 4310 1352 4395 Klope
1373 4311 1428 4377 des
1449 4312 1551 4378 Abies

353 4407 512 4474 Helmwilc
540 4429 601 4475 oca
623 4409 778 4496 Gottweip
806 4412 883 4479 tiber
912 4414 1021 4480 muca
1047 4414 1232 4498 uopcrecbte
1253 4415 1470 4501 Bormam
1492 4417 1551 4483 der

353 4578 417 4638 lbi).
456 4593 469 4617 ⁸
486 4583 591 4650 Folgcn
609 4586 677 4636 awai
694 4585 811 4637 Punlrtc.

458 4701 468 4733 ¹
487 4704 540 4756 sut
556 4705 688 4767 Dietrich,
706 4706 724 4772 †
742 4707 817 4758 1281.
841 4734 867 4745 -
889 4704 973 4759 ’abt
990 4708 1106 4761 Kourad.
