3400 5350
1287 419 1352 482 669

204 608 279 678 749..
982 617 1308 684 resalutamus.

159 803 262 886 Popst
290 802 399 870 Ursas
424 803 481 870 VI.
505 803 627 870 ertheilt
657 804 717 869 dea
738 803 859 870 Acorea
889 824 949 869 oon
976 802 1129 887 Go'ttweip
1158 805 1217 870 dus
1243 803 1352 884 Reclt,

555 909 623 974 ciue
643 909 751 975 Mitra
771 929 813 973 ru
835 915 956 993 tropen.
1056 929 1066 950 ⁸

263 1099 336 1168 Orig.
350 1098 404 1167 (Δ),
422 1101 499 1168 Perg.
531 1101 665 1153 Bleibnlle
683 1116 718 1152 an
737 1103 812 1153 einer
830 1100 1000 1169 roth-gelbes
1018 1100 1223 1153 Seidenschnur.

263 1222 319 1273 Aut
339 1223 386 1274 der
406 1225 578 1275 Anssenseite
603 1224 650 1275 des
673 1225 761 1290 Buges
784 1224 874 1275 rechts
896 1226 932 1275 ist
954 1240 1008 1275 ron
1031 1224 1079 1275 der
1101 1223 1182 1275 Hand
1204 1223 1251 1274 des
1274 1223 1353 1274 Text-

160 1310 308 1361 schreibers
329 1311 477 1362 vermerlst:
502 1310 529 1363 S.
547 1310 579 1362 de
595 1310 703 1375 Aquilaf
725 1311 794 1362 danu
812 1328 866 1362 von
885 1311 998 1362 auderet
1016 1311 1051 1361 Η.
1064 1328 1090 1361 u.
1103 1310 1196 1361 Tinte:
1220 1309 1263 1373 V.,·
1282 1310 1354 1361 links

161 1403 240 1450 unter
257 1398 317 1448 dem
335 1398 424 1465 Buge:
447 1398 478 1449 L.
495 1397 638 1461 oldraoaa
660 1398 787 1449 darunter
809 1415 862 1449 von
881 1399 994 1450 anderer
1013 1400 1060 1449 H.:
1088 1398 1120 1449 B.
1133 1397 1165 1448 de
1183 1398 1354 1468 Foratauell.9

163 1492 210 1552 (=
228 1487 407 1551 computasset·
428 1488 457 1535 in
480 1485 527 1536 der
549 1485 659 1536 rechten
677 1487 776 1537 oberen
794 1486 882 1537 Euke:
901 1486 933 1537 B.
963 1484 1020 1536 sur
1034 1485 1081 1536 der
1098 1486 1242 1537 Rttckseite
1260 1488 1289 1536 in
1307 1486 1354 1536 der

163 1575 241 1624 Mitte
259 1560 307 1624 der
324 1572 627 1638 Registraturvermsrk3
651 1573 766 1624 darttber
783 1574 812 1623 in
830 1573 878 1623 der
896 1573 974 1624 Mitte
992 1573 1038 1623 des
1057 1574 1156 1624 cberen
1173 1572 1292 1624 &ndat
1316 1573 1352 1625 Io.

160 1661 192 1713 de
208 1660 383 1722 Betclulm'm
399 1659 552 1711 ausserdem
571 1660 679 1713 stand:
697 1662 874 1726 praaeuouit
892 1659 946 1712 lob.
960 1659 1102 1723 Swiudlr'n,
1119 1662 1164 1725 qm·
1178 1664 1354 1727 praesertum

160 1747 261 1800 &mmo
278 1748 310 1800 de
332 1748 464 1800 linsamo.

264 1922 478 2011 {Urbanusss
499 1924 680 2009 episcopus,
710 1944 824 1988 servus
853 1944 1019 1989 servorum
1043 1923 1105 2008 dei,
1137 1923 1261 1989 dilectis
1283 1923 1356 1989 filiis

161 2027 270 2093 Vlrico
305 2026 416 2093 abbati
451 2038 483 2093 et
516 2031 689 2094 conventui
727 2031 911 2093 monasterii
949 2029 1197 2095 Kocwicensis⁸
1234 2028 1354 2094 ordinis

161 2135 264 2198 sancti
296 2132 467 2199 Benedicti
500 2132 702 2198 Pataviensis
738 2132 876 2198 diocesis
910 2133 1048 2199 salutem
1082 2143 1114 2199 et
1146 2132 1354 2219 apostolicam

161 2237 428 2303 benedictionem.
475 2238 632 2324 Exposuit
654 2246 762 2304 vestre
787 2238 965 2303 devotionis
989 2240 1154 2304 sinceritas
1178 2248 1209 2302 et
1232 2237 1354 2322 religio-

161 2344 210 2408 nis
241 2352 442 2430 promeretur
471 2342 633 2427 honestas,
664 2353 700 2408 nt
728 2351 795 2408 tam
824 2365 892 2427 vos,
924 2364 1004 2429 quos
1031 2342 1162 2429 speciali
1186 2342 1355 2406 dilectione

161 2450 394 2535 prosequimur,
418 2470 516 2534 quam
539 2450 765 2513 monasterium
788 2458 932 2513 vestrum
956 2447 1061 2534 dignis
1076 2447 1251 2513 honoribus
1267 2446 1355 2512 attol-

161 2551 273 2618 lamus.
319 2551 455 2617 Dudum
485 2551 645 2638 siquidem
675 2575 734 2639 per
760 2574 818 2618 nos
841 2563 986 2639 accepto,
1018 2552 1103 2639 quod
1127 2562 1161 2617 tu
1184 2551 1229 2617 fili
1251 2551 1354 2617 abbas

163 2667 194 2723 et
215 2657 461 2745 predecessores
492 2659 540 2722 sui
571 2657 708 2723 abbates
739 2656 816 2725 dicti
843 2658 1037 2742 monasterii,
1070 2658 1124 2743 qui
1146 2656 1275 2723 fuerant
1296 2680 1355 2745 pro

162 2772 315 2849 tempore,
345 2762 455 2828 baculi
484 2762 651 2850 pastoralis
682 2772 715 2828 et
743 2763 830 2828 anuli
861 2786 954 2828 usum
977 2760 1172 2847 habueratis,
1203 2773 1298 2850 prout
1318 2773 1355 2828 tu

162 2866 265 2933 abbas
287 2866 396 2933 adbuc
418 2867 575 2952 habebas,
599 2889 656 2932 nos
679 2866 737 2932 tibi
760 2866 875 2951 abbas,
898 2877 934 2933 ut
956 2867 1062 2954 quoad
1086 2870 1214 2932 viveres
1237 2878 1270 2933 et
1284 2891 1354 2955 pre·

163 2971 247 3037 dicto
276 2974 468 3038 monasterio
497 2994 654 3058 preesses,
685 2973 781 3036 etiem
804 2973 899 3037 mitra
921 2971 1096 3059 pontificali
1118 2971 1220 3038 libere
1243 2995 1355 3058 posses

162 3079 218 3162 uti,
249 3077 290 3143 de
320 3076 452 3163 speciali
480 3078 585 3163 gratia
616 3076 769 3141 duximus
791 3075 1036 3161 indulgendum,
1068 3086 1162 3163 prout
1185 3079 1217 3141 in
1241 3079 1356 3143 nostris

162 3183 237 3247 inde
268 3182 421 3247 conlectis
451 3181 564 3247 litteris
594 3182 720 3268 plenius
751 3182 941 3246 continetur.
987 3180 1140 3246 Volentes
1171 3183 1268 3268 igitur
1296 3203 1355 3247 vos

163 3297 195 3351 et
223 3286 405 3373 predictum
434 3287 661 3351 monasterium
691 3296 834 3350 vestrum
870 3283 1035 3350 favoribus
1068 3288 1218 3371 prosequi
1251 3288 1355 3373 gratie

162 3392 324 3478 amplioris
346 3392 463 3456 vestris
485 3390 603 3456 mbae
625 3400 717 3476 parte
741 3389 1026 3477 supplicationibus
1048 3390 1201 3473 inclinati,
1233 3399 1355 3456 uttam

162 3504 197 3560 tu
227 3494 271 3560 fili
301 3494 405 3561 abbas
436 3517 532 3581 quam
556 3498 652 3560 etiam
675 3516 880 3559 successores
902 3496 949 3558 tui
971 3493 1107 3559 abbates
1130 3493 1268 3580 predicti
1291 3516 1355 3560 mo-

163 3602 302 3684 nasterii,
327 3602 382 3687 qui
398 3610 492 3665 erunt
506 3622 564 3688 pro
580 3610 733 3686 tempore,
757 3598 940 3665 huiusmodi
954 3601 1050 3664 mitra
1065 3599 1239 3685 pontificali
1253 3598 1356 3665 libere

163 3707 209 3770 uti
232 3707 359 3792 possitis
381 3705 483 3771 felicis
506 3705 736 3771 reeordationis
751 3703 934 3770 Alexandri
949 3727 1034 3791 pape
1049 3704 1127 3787 ΗΠ,
1151 3726 1214 3790 que
1229 3706 1354 3791 incipit:

164 3810 310 3894 abbates,
334 3820 367 3876 et
385 3810 454 3876 aliis
475 3810 722 3897 quibuscunque
743 3809 1021 3875 constitutionibus
1037 3808 1218 3896 apostolicis
1233 3810 1266 3873 in
1283 3831 1355 3875 con·

163 3916 298 3980 uarium
342 3914 435 3980 editis
470 3937 676 4002 nequaquam
714 3913 918 3979 obstantibus
956 3914 1146 3978 auctoritate
1181 3912 1356 4000 apostolica

165 4019 205 4085 de
239 4019 371 4107 speciali
404 4023 509 4106 gratia
541 4019 756 4107 indulgemus.
801 4018 890 4084 Nulli
923 4041 1000 4103 ergo
1035 4019 1162 4082 omnino
1192 4017 1356 4082 hominum

163 4124 259 4191 liceat
280 4125 364 4191 benc
386 4127 538 4212 peginam
561 4135 669 4190 nostre
693 4125 908 4189 concessionis
932 4132 964 4188 et
985 4121 1158 4188 voluntatis
1180 4122 1356 4208 infringere

164 4229 217 4295 vel
240 4232 270 4295 ei
292 4252 374 4295 ausu
394 4231 565 4295 temerario
589 4231 758 4294 contraire.
797 4228 832 4294 Si
855 4229 926 4314 quis
949 4236 1057 4292 autem
1079 4226 1141 4291 hoe
1164 4236 1355 4314 attemptare

163 4336 404 4421 presumpserit,
426 4334 680 4420 indignationem
703 4334 926 4420 omnipotentis
949 4330 1002 4397 dei
1025 4341 1057 4396 et
1078 4331 1246 4397 beatorum
1269 4331 1357 4396 Petri

165 4448 197 4504 et
218 4438 310 4504 Pauli
332 4438 547 4526 apostolorum
570 4440 640 4505 eius
663 4461 698 4505 se
720 4440 846 4504 noverit
868 4439 1081 4504 incursurum.
1117 4435 1238 4503 Datum
1253 4436 1355 4503 Rome

166 4716 230 4775 749.
268 4730 281 4754 ·
299 4720 330 4773 Δ.
