3400 5350
368 399 409 465 48

365 588 488 655 honore
511 598 737 672 constructam,
761 593 813 655 cui
835 589 961 655 inclusa
984 613 1057 655 cum
1081 590 1237 656 aedificiis
1260 592 1325 654 suis
1341 593 1560 677 coniungitur3

368 694 465 763 aliam
495 697 527 760 in
559 694 690 761 excelsa
718 717 799 781 rupe
832 697 866 759 in
896 694 1015 760 honore
1045 706 1177 760 sanctae
1199 694 1393 759 Erindrudis
1426 697 1561 781 virginis

367 810 518 885 erectam,
542 802 594 865 cui
616 800 835 865 habitaculum
857 799 1018 886 hospitum
1035 800 1211 885 copulatur.
1238 800 1350 865 Tertia
1372 802 1405 864 in
1427 800 1560 886 planitie

366 908 416 972 sui
437 907 470 970 in
493 904 613 970 honore
636 914 768 969 sanctae
782 903 907 969 Mariae
929 914 1105 991 perpetuae
1120 906 1253 988 virginis
1276 904 1459 988 sustollitur,
1475 926 1560 990 quae

367 1020 399 1075 et
420 1007 605 1095 principalis
628 1009 772 1073 cernitur
794 1018 827 1073 et
849 1017 921 1073 octo
936 1007 1092 1073 altaribus
1114 1010 1291 1092 insignitur,
1316 1010 1369 1074 cui
1385 1007 1560 1073 claustrum

366 1115 503 1179 fratrum
526 1115 736 1178 connectitur.
772 1112 931 1194 Quartam
954 1115 987 1177 in
1001 1112 1123 1178 honore
1147 1116 1250 1178 saneti
1264 1112 1435 1178 Benedicti
1456 1115 1560 1198 erigit,

366 1220 418 1283 cui
442 1217 572 1282 domum
595 1217 795 1282 infirmorum
817 1217 944 1282 subicit.
980 1217 1100 1299 Quinta
1123 1226 1172 1283 est
1193 1216 1355 1300 peribolus
1382 1219 1416 1282 in
1438 1218 1561 1282 honore

365 1324 468 1388 sancti
482 1321 635 1387 Iohannis
658 1321 819 1408 baptistae
835 1331 1038 1388 constructus
1054 1322 1193 1409 capitulo
1208 1322 1345 1387 fratrum
1360 1325 1560 1387 coniunctus.

367 1428 469 1494 Sexta
489 1431 565 1493 item
590 1436 639 1493 est
661 1426 823 1513 peribolus
856 1426 1031 1492 inhonore
1062 1429 1164 1492 sancti
1187 1427 1312 1492 Nicolai
1343 1436 1562 1510 consecratus,

367 1532 553 1619 praecelsae
576 1534 656 1597 turri
683 1532 823 1596 innixus.
862 1532 1006 1617 Septima
1032 1534 1065 1595 in
1096 1530 1206 1596 radice
1233 1534 1350 1596 montis
1377 1532 1409 1595 in
1439 1529 1562 1594 honore

367 1639 470 1703 sancti
492 1635 591 1702 Blasii
616 1635 766 1701 dedicata
788 1639 881 1701 iuxta
902 1634 1041 1700 rivulum
1064 1633 1348 1720 praeterfluentem
1369 1636 1483 1720 posita,
1503 1634 1563 1699 ubi

367 1750 400 1806 et
415 1749 463 1806 est
478 1740 632 1806 habitatio
648 1763 794 1806 sororum
809 1751 842 1806 ot
856 1741 979 1805 mansio
994 1740 1130 1804 fratrum
1143 1741 1177 1803 in
1192 1742 1325 1825 pistrino
1341 1741 1561 1804 servientium.

368 1846 411 1911 Et
432 1847 508 1932 quia
530 1854 639 1910 nostra
662 1845 869 1930 congregatio
892 1844 935 1909 ad
958 1853 1029 1910 octo
1053 1844 1269 1910 beatitudines
1291 1843 1432 1927 festinat,
1454 1843 1562 1908 nunc¹

368 1960 517 2016 octavam
539 1952 572 2015 in
595 1949 714 2015 honore
737 1951 841 2015 sancti
865 1949 1044 2015 Gotehardi
1066 1948 1226 2015 aedificat.

472 2144 536 2193 Vita
554 2142 633 2192 Altm.
646 2142 667 2193 Ῑ.
680 2143 709 2192 in
732 2142 769 2192 M.
779 2145 811 2195 G.
824 2142 870 2194 SS.
884 2142 946 2204 XII,
968 2144 1019 2193 237
1038 2158 1060 2191 c.
1074 2143 1107 2192 27
1131 2157 1180 2193 aus
1201 2142 1226 2192 d.
1240 2140 1419 2208 Perg.·Codex
1442 2142 1491 2191 602
1516 2141 1567 2192 der

368 2231 393 2280 k.
406 2231 432 2282 lr.
444 2230 565 2281 Hofbibl.
579 2230 607 2279 in
626 2229 715 2280 Wisn.

412 2492 467 2560 31.
1351 2493 1390 2575 [c.
1409 2492 1519 2573 naa]

369 2683 517 2749 Perbord
544 2704 605 2747 ooo
631 2682 843 2764 Studeradors
868 2688 991 2765 cntsaqt
1016 2683 1100 2748 ouen
1132 2683 1343 2766 Aasprttobea
1372 2683 1438 2766 auf
1460 2685 1568 2766 eiam

369 2787 553 2872 Eipealmte
574 2788 627 2853 dea
649 2785 762 2870 Stiftes
784 2784 939 2869 Gdttweip
960 2807 999 2851 aa
1023 2787 1163 2852 Hoadoa
1185 2788 1240 2853 des
1254 2787 1419 2871 Bisobotea
1440 2787 1564 2871 Rapia-

418 2914 490 2959 mor
511 2913 572 2958 voa
593 2892 731 2971 Posaou,
755 2891 884 2957 welohor
905 2892 957 2956 dio
978 2892 1173 2974 ousyestellte
1195 2892 1344 2959 Urlouode
1366 2892 1517 2976 besieyelt.

473 3086 546 3152 Orig.
559 3083 612 3151 (Δ),
635 3085 712 3151 Perg.
740 3083 829 3150 Siegel
857 3083 970 3135 mittslst
996 3083 1202 3150 Perg.·Streifen
1228 3084 1398 3150 eingshtngt.
1426 3083 1512 3151 Copia
1535 3086 1566 3135 in

370 3173 460 3224 Codex
478 3172 500 3223 C
519 3173 537 3223 f.
551 3173 617 3223 301.
638 3170 691 3238 (B).

475 3294 579 3356 Karlin,
598 3294 624 3345 S.
638 3295 689 3344 267
708 3309 748 3343 nr.
763 3295 803 3344 10.

474 3418 568 3468 Diores
585 3415 824 3483 Pergamentblatt,
841 3415 889 3466 das
912 3415 1011 3478 blinds,
1030 3418 1058 3467 in
1076 3433 1153 3468 vsrso
1176 3417 1367 3483 ausgedrilclrts
1384 3418 1483 3468 Linisn
1506 3420 1565 3469 auf·

372 3507 455 3569 weist,
472 3506 508 3555 ist
525 3506 569 3555 ein
582 3503 662 3555 'I'heil
674 3504 750 3555 einer
760 3502 894 3554 radisrten
907 3503 1011 3555 alterari
1023 3505 1163 3566 Urlrunde‚
1180 3505 1283 3556 welche
1300 3505 1452 3557 rescribiert
1464 3506 1565 3556 uurde.

473 3680 592 3743 Notum
614 3681 655 3743 sit
676 3678 800 3743 cunctis
816 3677 934 3742 Christi
950 3679 1106 3764 sanguine
1125 3677 1310 3765 redemptis,
1332 3678 1469 3765 qualiter
1489 3702 1563 3744 con·

371 3786 528 3849 troversia
549 3781 613 3866 illa,
637 3802 699 3868 que
730 3783 814 3846 inter
842 3804 901 3847 nos
931 3791 964 3847 et
985 3781 1187 3848 Perhardum
1218 3782 1258 3848 de
1286 3782 1549 3849 Stavdratisdorf
1554 3787 1566 3824 ¹

370 3885 647 3974 proquibusdam
669 3888 836 3972 mancipiis
859 3886 975 3971 fuerat,
999 3908 1062 3973 que
1084 3889 1134 3951 sui
1160 3886 1309 3952 beneficii
1339 3887 1381 3952 ab
1412 3890 1566 3974 episcopo

372 3991 427 4056 diu
449 3992 678 4075 affirmaverat,
701 3994 766 4057 iam
788 3990 921 4057 tandem
943 3994 983 4056 sit
1006 3991 1147 4056 definita.
1171 3991 1255 4056 Nam
1276 3990 1390 4056 eadem
1406 3990 1569 4057 beneficia

370 4098 541 4184 episcopus
563 4096 757 4162 Altmannus
779 4119 800 4161 a
822 4095 954 4161 Razone
977 4117 1034 4160 suo
1064 4095 1228 4182 quondam
1257 4104 1464 4183 procuratore
1496 4096 1566 4162 aliis

370 4322 417 4379 80.
475 4324 486 4357 ¹
504 4325 631 4376 Dadurch
649 4325 715 4375 wird
734 4324 778 4375 die
789 4323 1027 4390 Glsichaeitigkstt
1045 4323 1091 4375 des
1103 4325 1192 4375 Baues
1210 4324 1258 4375 der
1275 4325 1313 4376 st.
1325 4323 1566 4375 Gotthardskirchs

369 4414 398 4463 in
417 4413 553 4479 thtwsig
570 4414 620 4463 mit
636 4411 789 4477 Abfassung
813 4411 860 4461 der
878 4411 942 4461 viu
959 4411 1039 4460 Altm.
1052 4410 1072 4462 Ι.
1086 4412 1229 4473 bewiessn,
1247 4410 1366 4462 wsshalb
1388 4410 1433 4461 dis
1450 4410 1567 4462 Bauaeit

370 4499 520 4563 derselhan,
538 4500 640 4550 welche
658 4503 748 4564 spltter
760 4498 828 4548 nach
841 4498 890 4548 der
901 4497 1065 4563 Errichtnng
1082 4497 1130 4549 der
1141 4498 1234 4548 Pfarro
1247 4499 1381 4563 Gottueig
1392 4497 1566 4548 Pfarrlsirchs

371 4586 471 4650 wnrde,
489 4603 512 4637 c.
527 4589 594 4637 1130
612 4592 775 4637 anausetaen
793 4587 836 4636 ist.

370 4670 415 4726 31.
476 4672 486 4703 ¹
504 4674 673 4725 Stadarsdorf
687 4674 732 4724 boi
750 4672 787 4723 St
801 4671 904 4736 Pttltsn,
923 4673 954 4722 V.
964 4672 996 4723 0.
1006 4672 1048 4722 W.
1059 4672 1101 4721 W.
