3400 5350
1325 445 1388 510 275

299 636 371 702 Orig.
385 633 440 704 (A),
458 637 536 702 Perg.
556 636 752 702 leuchtfleekig.
782 638 910 689 Deutsch.
941 638 1006 688 Drei
1019 637 1109 704 Siegel
1127 654 1162 689 an
1174 639 1388 705 Perg.-Strcifen.

297 775 319 825 1.
337 774 528 843 schildsormig,
547 777 617 826 obsu
634 776 809 844 abgernndet
827 778 972 843 uugeffirbt
991 775 1041 846 (nr.
1054 779 1105 829 265
1118 778 1144 830 S.
1158 778 1218 846 III).
1238 808 1270 817 -
1289 780 1324 831 IL
1342 780 1387 830 be·

194 861 325 929 schadigt,
347 862 424 924 rund,
447 862 598 930 ungefarbt,
621 862 659 913 IV
672 862 701 914 O.
724 865 791 915 Abb.
809 866 855 915 bei
871 864 1023 915 Hanthaler
1044 866 1079 925 11,
1102 866 1169 917 Tab.
1186 867 1220 915 40
1239 883 1279 917 ur.
1294 869 1333 916 12.
1353 896 1386 905 -

193 949 241 1000 111.
264 948 430 1015 bescbadigt,
453 951 522 1000 rund
546 948 611 1016 (32),
633 951 785 1017 ungeftirht,
807 952 881 1003 ΝΒ
902 955 923 1002 1.
961 951 1097 1003 Umschr.:
1124 951 1165 1019 [†]
1187 952 1388 1022 SIGILLWM·

194 1036 343 1102 VJLRICI·
354 1037 582 1103 De·wsns[e].
619 1039 673 1089 Der
691 1038 863 1091 Kitbelhclm.
898 1038 1010 1090 Gimier:
1029 1041 1074 1091 ein
1092 1039 1291 1108 geschlossencr
1309 1042 1387 1107 Flug.

193 1124 388 1175 Hilfshleinod:
408 1126 452 1176 ain
471 1124 584 1176 Balken.

237 1386 316 1455 279.
1033 1395 1124 1462 1315,
1142 1390 1342 1473 [sisenangi

193 1578 264 1645 Das
280 1578 403 1661 Capitol
425 1581 481 1644 der
496 1580 617 1644 Kirebc
638 1601 710 1644 com
732 1579 804 1645 leil.
820 1580 977 1664 Erzenpel
991 1581 1134 1646 Michoel
1152 1603 1193 1646 aa
1207 1581 1388 1664 Raetiam

191 1684 387 1750 bettrltuudet
416 1686 467 1750 die
495 1685 671 1768 Beilepunp
701 1686 757 1749 der
785 1684 1177 1769 Familienstreitipkeiten
1206 1708 1248 1751 att
1278 1685 1387 1767 Goplo

477 1794 571 1855 anter
593 1789 806 1872 ottpepebcnea
827 1788 1098 1872 Bestimmonpec.

294 1964 379 2033 Cupie
397 1962 450 2033 (Β),
469 1966 557 2017 Insert
574 1966 603 2015 in
621 1981 661 2015 nr.
675 1967 734 2018 351.

295 2156 362 2222 Nos
393 2156 569 2243 capitulum
599 2153 733 2220 ecclesie
763 2157 867 2221 sancti
898 2153 1077 2240 Mychaelis
1109 2154 1150 2219 dc
1180 2153 1384 2221 Castrofereo

190 2269 303 2326 notum
336 2261 472 2327 iacimus
505 2270 618 2327 tenore
651 2263 854 2347 presencium
884 2261 1054 2344 universis,
1089 2258 1175 2346 quod
1206 2258 1323 2345 Oghuz
1353 2269 1386 2324 et

189 2365 306 2430 Petrus
335 2365 394 2431 filii
417 2364 551 2448 Nicolai,
575 2364 767 2430 Valentinus
796 2364 882 2429 fflius
906 2363 1087 2430 Andronici
1117 2387 1176 2451 pro
1207 2387 1241 2429 se
1272 2374 1305 2429 et
1326 2386 1384 2450 pro

189 2469 362 2535 Lukachio
384 2471 485 2536 fratre
508 2493 577 2555 suo,
600 2472 677 2535 item
693 2471 888 2535 Kanmerius
910 2469 995 2535 filius
1011 2468 1174 2554 Iohannis,
1198 2470 1384 2535 Demetrius

189 2573 273 2639 filius
297 2575 436 2660 Sandur,
459 2576 576 2641 Petrus
599 2585 633 2640 et
651 2574 804 2640 Nicolaus
826 2574 885 2639 filii
900 2573 1051 2661 Symonis
1074 2573 1199 2639 nobiles
1222 2574 1263 2640 de
1280 2574 1386 2660 Gapla

189 2702 299 2746 coram
332 2680 425 2747 nobis
455 2680 667 2768 personaliter
701 2683 865 2746 constituti
896 2681 1104 2745 Dominicum
1134 2679 1237 2745 filium
1267 2681 1385 2766 Tyvan

188 2795 222 2850 et
243 2784 325 2851 filios
348 2784 494 2851 eiusdem
516 2785 639 2851 scilicet
661 2785 849 2869 Iohannem,
881 2785 1093 2870 Stephanum,
1124 2784 1308 2850 Dionisium
1331 2807 1384 2849 ne·

188 2898 280 2977 potes
313 2890 465 2955 videlicet
498 2891 650 2977 Fabiani,
689 2893 895 2975 cognacionis
929 2889 1085 2956 nobilium
1119 2892 1382 2976 prescriptorum,

188 3006 285 3081 prout
318 2998 606 3081 consanguinitatis
639 2998 715 3061 unio
749 2996 811 3060 hoc
844 2995 990 3081 deposcit
1020 3003 1052 3059 et
1082 2994 1265 3079 exequitur,
1300 2994 1384 3059 sicut

188 3099 275 3164 idem
290 3098 456 3166 Fabianus
479 3101 551 3185 fuit,
573 3103 605 3167 in
629 3103 771 3188 ipsorum
795 3107 988 3186 receperunt
1010 3107 1043 3164 et
1065 3107 1311 3183 assumpserunt
1333 3120 1382 3163 co

188 3207 377 3289 gnacionem
410 3229 518 3272 coram
549 3206 642 3272 nobis
666 3206 774 3272 dando
797 3214 830 3270 et
852 3204 1047 3290 assignando
1071 3203 1139 3289 ipsi'
1154 3203 1327 3268 Dominico
1350 3213 1383 3267 et

187 3308 261 3374 filiis
292 3312 358 3376 suis
388 3312 583 3396 supradictis
614 3312 655 3377 de
678 3311 745 3377 filia
767 3310 923 3376 antedicti
946 3308 1085 3374 Fabiani
1107 3331 1166 3395 per
1187 3311 1294 3395 ipsum
1316 3309 1381 3374 Do·

187 3415 341 3479 minicum
363 3418 541 3500 procreatis
563 3424 596 3481 et
617 3418 651 3482 in
673 3416 818 3480 futurum
841 3414 1050 3500 procreandis
1072 3415 1258 3500 porcionem
1280 3415 1381 3498 ipsius

187 3517 335 3601 Fabiani,
366 3541 464 3605 quam
493 3520 614 3585 ibidem
644 3522 678 3584 in
701 3519 807 3606 Gapla
829 3519 951 3584 habere
974 3518 1194 3600 dinosscitur,⁸
1224 3527 1381 3604 perpetuo

186 3623 416 3709 possidendam
438 3626 471 3690 in
494 3624 576 3690 filios
599 3624 748 3707 filiorum,
772 3626 856 3689 sicut
877 3626 981 3689 tenuit
1004 3633 1037 3689 ct
1055 3622 1199 3708 possedit
1214 3622 1381 3688 Fabianus

187 3729 436 3815 suprascriptus.
490 3729 533 3795 Et
566 3731 613 3794 sic
646 3729 688 3794 ad
722 3732 811 3815 pacis
845 3731 997 3794 unionem
1032 3726 1235 3793 deveniendo
1269 3749 1381 3792 omnes

187 3853 301 3898 causas
324 3834 453 3899 racione
476 3836 588 3899 mortis
611 3836 778 3919 sanguinis
801 3834 957 3899 effusione
981 3832 1032 3898 vel
1054 3831 1116 3896 alio
1140 3830 1284 3918 quolibet
1306 3834 1380 3897 arti·

187 3935 260 4002 culo
283 3958 387 4025 nsque
409 3938 505 4003 modo
528 3940 612 4004 inter
634 3941 721 4025 ipsos
744 3940 915 4004 suscitatas
938 3946 972 4002 et
993 3946 1157 4001 consertas
1173 3938 1294 4022 sopitas
1308 3935 1379 4002 red·

186 4040 342 4106 diderunt
372 4051 405 4107 ct
434 4050 587 4107 cassatas.
633 4043 673 4107 In
706 4043 797 4107 cuins
827 4044 875 4106 rei
905 4043 1093 4106 memoriam
1123 4049 1380 4126 perpetuamque

185 4145 372 4210 firmitatem
395 4155 521 4211 nostras
544 4147 762 4211 concessimus
783 4144 908 4210 litteras
930 4143 1148 4231 privilegiales
1168 4143 1263 4228 sigilli
1278 4146 1379 4208 nostri

184 4251 363 4317 munimine
377 4251 554 4317 roboratas.
583 4251 706 4316 Datum
721 4273 805 4315 anno
821 4249 863 4315 ab
879 4250 1106 4314 incarnacione
1122 4246 1243 4312 domini
1258 4245 1379 4312 Mccc

185 4353 312 4421 decimo
327 4357 440 4442 quinto
457 4356 585 4422 domino
602 4356 703 4422 Serob
718 4357 892 4442 preposito,
915 4355 1070 4439 magistro
1086 4351 1221 4416 Andrea
1235 4359 1378 4436 cantore,

184 4459 318 4527 Nicolao
341 4460 484 4545 custode,
506 4460 651 4527 Iohanne
674 4460 798 4526 decano
820 4459 955 4526 ecclesie
978 4468 1086 4523 nostre
1109 4456 1333 4522 existentibus.

184 4722 250 4778 279.
289 4736 302 4760 ⁸
320 4726 349 4776 B.
370 4753 403 4762 -
422 4725 435 4758 ¹³
454 4725 562 4792 Lesung
579 4724 701 4792 fraglich.
