3400 5350
369 431 434 500 lid

368 625 500 692 libatam
530 638 563 694 et
590 650 650 716 per
677 651 737 695 nos
765 639 910 696 taxatam
944 629 1049 696 eidem
1081 635 1275 698 monasterio
1307 633 1435 699 solvere
1472 656 1574 700 recu-

369 743 487 816 sarent,
517 741 595 799 tunc
623 733 719 800 liceat
747 734 901 822 predictis
931 734 1041 802 abbati
1073 745 1105 801 et
1134 740 1306 804 conventui
1334 738 1376 804 de
1398 738 1574 805 fructibus

367 834 547 904 redditibus
577 839 786 924 proventibus
814 839 937 906 iuribus
967 849 1000 907 et
1028 839 1282 908 obvencionibus
1313 843 1356 909 ad
1383 844 1574 931 quamlibet

369 938 530 1010 dictarum
558 943 767 1010 ecclesiarum
794 944 1014 1031 spectantibus
1037 967 1071 1011 se
1094 948 1305 1013 intromittere
1327 955 1498 1036 tamquam
1524 949 1572 1014 de

368 1044 526 1112 fruotffius
556 1057 588 1112 et
616 1047 796 1115 redditibus
827 1051 893 1115 suis
916 1060 948 1115 et
970 1052 1106 1137 propriis
1129 1051 1171 1117 ad
1194 1072 1305 1118 eorum
1328 1057 1572 1120 monasterium

368 1150 602 1238 pcrtinentibus
631 1153 765 1238 tamdiu,
796 1176 963 1242 quousque
994 1153 1036 1220 de
1065 1154 1247 1222 huiusmodi
1276 1179 1402 1223 summa
1431 1182 1572 1225 necnon

368 1259 521 1345 expensis
544 1256 691 1344 dampnis
713 1269 746 1324 et
766 1262 923 1324 interesse
945 1260 1064 1325 fuerint
1084 1259 1180 1347 plene
1203 1261 1332 1328 realiter
1354 1273 1387 1328 et
1407 1264 1571 1330 effectua-

367 1362 442 1428 liter
462 1363 615 1451 expediti.
658 1363 692 1430 Si
715 1363 777 1429 boc
798 1366 876 1451 ipsis
898 1363 1009 1430 abbati
1031 1374 1064 1430 et
1087 1370 1259 1433 conventui
1280 1367 1441 1454 placuerit
1463 1379 1500 1435 et
1523 1369 1570 1434 de

369 1489 480 1534 eorum
502 1467 666 1534 voluntate
688 1468 785 1534 fuerit
806 1468 896 1552 alias,
918 1472 1058 1556 poterint
1080 1470 1181 1536 dictos
1203 1473 1339 1537 vicarios
1366 1494 1426 1560 pro
1452 1473 1570 1540 huius

368 1572 456 1638 modi
482 1594 581 1638 censu
610 1595 718 1639 annuo
747 1583 913 1661 tamquam
943 1596 1002 1661 pro
1031 1596 1109 1640 vero
1139 1575 1247 1641 debito
1270 1578 1427 1665 impetere
1449 1587 1485 1644 et
1508 1601 1571 1644 eos

368 1676 422 1743 vel
443 1677 579 1744 alterum
602 1677 790 1764 eomndem,
812 1682 867 1765 qui
888 1679 985 1745 fuerit
1007 1682 1039 1744 in
1061 1683 1224 1767 premissis
1247 1681 1414 1768 negligens
1437 1683 1492 1748 vel
1515 1707 1571 1749 re-

367 1784 493 1864 missus,
515 1781 707 1850 iudicialiter
728 1787 910 1868 convenire,
934 1784 990 1850 ubi
1013 1794 1047 1850 et
1068 1785 1198 1872 quaudo
1221 1786 1282 1851 boc
1301 1789 1378 1873 ipsis
1393 1786 1571 1853 videbitur

369 1887 554 1974 expedire·
584 1889 761 1976 Propterea
783 1911 858 1955 cum
880 1888 966 1954 dicte
986 1887 1203 1976 parrochiales
1218 1890 1355 1956 ecclesie
1371 1913 1445 1957 cum
1462 1895 1570 1957 omni-

368 1991 429 2057 bus
460 1995 524 2058 suis
553 1991 676 2059 iuribus
705 1992 865 2059 fiuctibus
896 2003 928 2059 et
957 1993 1138 2059 redditibus
1161 2004 1194 2059 et
1215 1994 1470 2061 obvencionibus
1494 1999 1570 2061 uni·

368 2099 472 2163 versis
504 2096 548 2163 ad
580 2120 635 2163 aas
665 2098 886 2185 spectantibus
917 2101 981 2164 siut
1010 2098 1094 2164 dicto
1125 2102 1318 2165 monasterio
1348 2099 1569 2166 Gottwiceusi

368 2204 570 2288 incorporate
593 2205 681 2268 unite
703 2213 737 2268 et
757 2225 895 2285 annexa,
919 2205 1066 2290 superius
1089 2213 1139 2269 est
1164 2205 1387 2290 expressum.l
1429 2204 1569 2270 Idcirco

368 2310 419 2372 ius
440 2316 628 2394 patronatus
650 2311 684 2373 in
706 2307 850 2373 ecclesiis
872 2307 1128 2396 parrochialibus
1152 2311 1221 2374 sive
1243 2311 1372 2374 vicariis
1394 2313 1568 2395 perpetuis

368 2415 402 2478 in
424 2412 624 2479 Rabeustaiu
652 2412 695 2478 ad
725 2413 896 2479 ecclesiam
926 2415 960 2478 in
987 2413 1159 2479 Hofsteten
1182 2422 1214 2477 et
1237 2413 1339 2480 altera
1359 2416 1393 2479 in
1416 2413 1567 2480 Rossacz

369 2515 412 2583 ad
435 2517 605 2584 ecclesiam
626 2519 659 2582 iu
681 2517 856 2584 Mantamn
878 2520 947 2583 iure
969 2517 1057 2583 filiali
1081 2525 1114 2582 et
1135 2518 1344 2604 presentandi
1358 2517 1482 2584 ibidem
1498 2518 1567 2606 ple·

369 2623 491 2690 banum
520 2632 668 2711 spectare
697 2622 935 2709 dinoscebatur,
966 2622 1113 2711 predicto
1135 2625 1328 2690 monasterio
1351 2622 1569 2690 Gottrricensi

369 2750 408 2795 ac
430 2731 496 2795 suis
519 2728 629 2795 abbati
651 2738 684 2794 et
699 2731 873 2794 conventui
888 2726 1071 2814 specialiter
1085 2748 1290 2794 reservamus
1306 2749 1345 2793 ac
1361 2731 1437 2815 ipsis
1453 2739 1567 2795 aucto

371 2835 464 2899 ritate
497 2831 669 2919 apostolica
703 2831 891 2919 supradicta
923 2830 1038 2898 damus
1068 2830 1274 2898 concedimus
1305 2842 1338 2898 et
1367 2832 1567 2899 conferimus

370 2940 424 3023 ita,
455 2959 519 3024 quo
549 2936 713 3025 deinceps,
744 2945 916 3023 postquam
946 2935 1031 3002 dicte
1055 2936 1192 3001 ecclesie
1215 2939 1405 3002 vacaverint
1426 2959 1485 3002 sen
1508 2961 1566 3002 va-

371 3062 447 3107 care
469 3043 622 3128 ceperint,
644 3043 694 3106 ius
710 3048 897 3127 patronatus
912 3062 970 3106 seu
985 3039 1193 3127 presentandi
1207 3039 1384 3128 plebanum
1399 3040 1441 3106 ad
1456 3040 1566 3107 dictos

370 3145 523 3212 abbatem
545 3156 578 3211 et
600 3156 795 3211 conventum
817 3154 966 3233 spectare
988 3143 1181 3210 dinoscatur.
1212 3146 1251 3210 In
1267 3166 1403 3233 quorum
1417 3148 1565 3212 omnium

371 3261 403 3316 et
426 3250 626 3337 singulorum
656 3250 791 3316 euidens
820 3252 1036 3316 testimonium
1066 3259 1232 3337 presentes
1262 3258 1386 3316 nostras
1412 3260 1565 3336 patentes

369 3356 477 3422 literas
500 3354 602 3443 sigillo
624 3357 723 3421 nostri
747 3355 845 3420 officii
868 3357 1065 3442 appensione
1088 3357 1237 3422 iussimus
1257 3355 1413 3420 roborari.
1437 3355 1563 3422 Datum

370 3469 404 3525 et
424 3469 533 3525 actum
547 3460 688 3527 Wienne
709 3462 743 3525 in
765 3461 855 3524 curia
879 3459 1051 3547 episcopali
1074 3458 1210 3525 ecclesie
1226 3460 1437 3546 Pataviensis,
1461 3483 1564 3547 quam

368 3586 427 3651 pro
449 3573 528 3631 tunc
549 3563 729 3631 inhabitare
744 3567 981 3650 consuevimus,
1005 3563 1090 3630 dicte
1106 3565 1306 3630 Patavieusis
1322 3564 1459 3630 diocesis
1474 3588 1563 3631 anuo

369 3668 490 3736 domini
511 3669 679 3735 millesimo
701 3672 926 3734 trecentesimo
949 3671 1166 3755 octuagesimo
1190 3678 1315 3753 octavo,
1338 3668 1390 3734 die
1406 3670 1565 3735 vicesima

369 3777 488 3842 mensis
515 3777 653 3861 augusti,
679 3773 885 3860 pontificatus
907 3773 1045 3860 predicti
1068 3774 1189 3839 domini
1210 3777 1310 3840 nostri
1325 3774 1452 3840 Vrbani
1473 3794 1563 3863 pape

369 3882 454 3946 sexti
475 3900 559 3946 anno
582 3878 762 3946 undecimo.

413 4089 492 4159 tua.
1052 4094 1517 4171 rassoeauerrasouwug.

465 4265 528 4343 ‚oo
548 4265 606 4331 der
620 4265 724 4333 Wiser
744 4284 806 4332 uoa
819 4264 996 4349 Htrapacb
1016 4267 1085 4333 acad
1098 4264 1245 4353 Kottrey
1257 4267 1344 4334 seiae
1357 4267 1457 4333 Froa
1468 4268 1563 4334 bae·

369 4370 497 4441 baum
523 4371 625 4437 ocra
652 4371 780 4453 Revera,
809 4372 886 4439 duca
914 4371 984 4441 ὥτε
1014 4372 1250 4457 suetum
1277 4373 1337 4439 etit
1365 4371 1431 4440 Aba
1459 4371 1565 4440 Elid-

371 4561 435 4619 798.
472 4575 485 4600 ⁸
505 4565 588 4631 Folgt
609 4565 654 4614 ein
671 4564 797 4628 Zaicben,
819 4563 934 4615 welches
956 4563 1009 4616 deu
1028 4564 1119 4616 Inhalt
1136 4564 1182 4617 des
1200 4564 1356 4633 Fulgenden
1374 4565 1564 4619 hervorbabsu

368 4648 428 4705 soll.
447 4680 481 4689 -
498 4651 517 4686 θ’
530 4651 611 4717 Folgt
628 4651 672 4703 ein
690 4651 829 4704 bbulicbes
840 4650 966 4714 Zaichcu,
983 4651 1099 4704 welches
1115 4668 1159 4705 am
1172 4651 1265 4704 &nde
1277 4669 1330 4705 von
1342 4654 1430 4705 einem
1441 4654 1563 4708 anderen

370 4738 487 4791 Zeiclreu
504 4738 634 4806 bugleltet
651 4738 725 4792 wind.
