3400 5350
1286 374 1329 439 73

136 590 168 600 -
185 562 237 613 Die
259 577 358 629 engere
375 564 553 630 Begrennmg
574 579 683 615 anseres
702 566 814 616 Datums
832 566 868 616 ist
886 567 1025 617 einerseits
1043 568 1165 634 gegeben
1183 566 1267 618 durch
1286 566 1331 618 die

133 650 243 716 Angabe
265 649 313 701 der
334 649 566 715 Pontificatsjahre
590 651 636 702 des
658 652 796 703 Biscbofes
813 652 945 714 Wolr'ker,
968 653 1084 705 welcher
1108 656 1174 704 1191
1198 655 1272 706 Mora
1298 655 1330 703 10

134 737 245 787 errabit
265 736 322 788 und
346 739 412 787 1191
434 737 502 788 Juni
520 739 536 787 9
554 739 583 788 in
601 738 732 805 salzburg
758 741 920 790 consecriert
943 740 1043 804 wurde,
1071 740 1126 791 und
1149 741 1327 792 anderemeits

132 823 214 873 durch
232 824 278 875 die
295 824 466 875 Bedanische
484 823 598 875 Indictio
617 824 679 875 xn.

233 998 257 1080 †
290 999 305 1085 ξ
337 998 377 1063 In
408 999 537 1063 nomine
564 1007 676 1063 sancte
701 1009 733 1063 et
755 998 922 1064 individue
945 1003 1104 1085 trinitatis,
1136 1001 1330 1068 Wolflrerus

133 1101 184 1166 dei
215 1104 323 1187 gratia
352 1102 553 1167 Pataviensis
584 1104 753 1189 episcopus
784 1103 933 1168 omnibus
964 1102 1082 1169 Christi
1113 1105 1264 1171 fidelibus
1296 1109 1329 1171 in

130 1215 335 1293 perpetuum.
359 1208 375 1293 }{
403 1206 598 1271 Pontificalis
626 1207 724 1271 officii
752 1229 831 1271 cura
859 1210 959 1292 exigit
985 1208 1183 1274 venerabilia
1205 1220 1238 1275 et
1260 1210 1330 1275 reli·

130 1313 220 1397 giosa
242 1312 318 1376 loca
340 1311 452 1376 fovere
475 1321 508 1376 11
521 1310 672 1397 amplecti
688 1320 784 1397 atque
800 1311 842 1376 ad
859 1312 1026 1378 offerenda
1042 1316 1075 1378 in
1092 1316 1137 1379 eis
1152 1313 1330 1379 redemtori

131 1426 239 1481 nostro
273 1415 448 1480 cottidiana
476 1414 609 1480 laudum
640 1416 809 1494 sacrificia,
839 1437 915 1480 suas
943 1419 988 1481 eis
1011 1420 1153 1482 iusticias
1175 1440 1328 1504 recogno-

131 1541 221 1585 scere
254 1530 289 1585 11
318 1522 370 1606 pie
400 1542 440 1584 ac
462 1518 693 1584 rationabiliter
715 1520 868 1584 stabilire.
914 1521 1035 1586 Notum
1057 1523 1166 1608 itaque
1190 1524 1326 1588 facimus

130 1633 195 1689 tam
226 1625 400 1711 presentis,
431 1646 530 1710 quam
560 1623 659 1689 futuri
689 1627 842 1710 temporis
865 1622 985 1689 Christi
1007 1624 1168 1709 fidelibus,
1191 1627 1328 1713 qualiter

131 1750 187 1792 nos
216 1728 375 1793 fratribus
407 1728 639 1794 (lotevvicensis
670 1728 796 1793 cenobii
826 1727 913 1793 bona
945 1750 1055 1794 eorum
1087 1733 1330 1796 conversatione

131 1835 254 1898 incitati
284 1843 382 1918 atque
410 1836 553 1897 virorum
581 1831 745 1897 dominum
771 1835 951 1897 timentium
974 1836 1111 1919 sapienti
1134 1834 1265 1899 consilio
1287 1838 1332 1900 in-

132 1936 220 2002 ducti
252 1946 380 2024 partem
414 1937 579 2002 decimalis
608 1939 675 2002 vini
705 1939 737 2001 in
761 1936 989 2002 Chremesensi
1018 1938 1189 2024 parrochia
1216 1962 1235 2003 1
1262 1962 1332 2026 pre·

132 2042 362 2107 decessoribus
388 2043 504 2106 nostris
526 2041 629 2105 felicis
651 2044 804 2105 memorie
820 2041 1026 2125 Althmanno,
1050 2021 1215 2128 lldalricq
1239 2043 1331 2108 111111-

131 2169 229 2229 11111,
255 2144 453 2229 Reimberto,
478 2144 665 2229 0111111111,
693 2145 868 2231 Dietpoldo
899 2145 1062 2231 quondam
1094 2150 1140 2211 eis
1169 2148 1331 2231 traditam,

133 2251 187 2314 scd
222 2252 398 2315 occasione
433 2249 575 2336 quadam
609 2272 669 2335 per
698 2271 756 2314 nos
786 2248 829 2314 ad
859 2258 987 2335 tempus
1017 2250 1217 2316 subtractam
1246 2252 1331 2316 bono

134 2358 239 2420 animo
277 2358 535 2440 recognovimus.
581 2354 657 2418 Fuit
686 2363 795 2419 autem
824 2352 887 2418 hec
921 2357 1057 2439 occasio,
1092 2377 1156 2441 qua
1189 2355 1331 2441 prelatas

134 2457 279 2524 decimas
302 2458 345 2522 ad
367 2469 495 2543 tempus
519 2456 730 2544 possedimus.
762 2456 844 2523 Cum
868 2457 993 2522 decime
1016 2459 1147 2544 frugum
1166 2462 1198 2524 in
1216 2459 1332 2524 eadem

134 2562 311 2649 parrochia
333 2562 473 2627 totaliter
494 2565 592 2627 nostri
615 2563 693 2626 iuris
716 2571 832 2646 essent,
856 2585 932 2627 rure
955 2565 987 2627 in
1010 2565 1122 2627 vineas
1144 2563 1277 2628 redacto
1301 2573 1333 2628 11

133 2667 258 2734 illarum
282 2669 452 2733 vinearum
478 2667 602 2733 decime
625 2666 764 2733 totaliter
786 2665 878 2732 nobis
903 2666 1087 2734 adiudicate
1110 2667 1251 2753 fuerunt,
1274 2691 1331 2734 nos

134 2795 208 2838 vero
238 2772 398 2861 predictis
427 2772 582 2838 fratribus
612 2794 656 2836 ex
685 2775 808 2837 ratione
839 2772 1080 2858 privilegiorum
1102 2796 1234 2838 suorum
1255 2773 1331 2838 inde

135 2881 337 2964 questionem
360 2877 564 2941 moventibus
586 2876 728 2960 benigne
751 2879 960 2962 acquiescere
976 2876 1180 2941 decrevimus
1197 2887 1230 2941 et
1244 2887 1332 2942 ante·

136 3004 301 3047 cessurum
324 2991 506 3046 nostrorum
530 2981 718 3067 pontificum
733 2979 904 3066 privilegia
918 2983 1109 3046 innovantes
1124 2980 1331 3045 medietatem

135 3084 302 3151 decimalis
322 3086 390 3150 vini
405 3087 436 3150 in
453 3084 624 3171 parrochia
640 3082 866 3149 Chremesensi
881 3093 1012 3170 recepto
1028 3083 1070 3149 ab
1087 3086 1132 3149 eis
1149 3087 1332 3169 conpetenti

135 3190 325 3256 concambio
348 3212 389 3254 ea
411 3189 564 3254 videlicet
585 3191 718 3273 ratione,
742 3198 777 3252 ut
799 3187 989 3253 inconvulsa
1011 3191 1044 3252 in
1060 3198 1252 3275 perpetuum
1268 3211 1331 3253 ma·

133 3305 205 3359 neat
226 3296 325 3378 actio,
350 3316 510 3359 consensu
533 3293 622 3358 chori
646 3304 678 3358 et
700 3293 954 3358 ministerialium
977 3295 1009 3357 in
1026 3304 1218 3379 perpetuum
1233 3292 1329 3358 tradi-

135 3398 235 3466 dimus
269 3411 303 3465 et
325 3401 468 3487 presenti
490 3398 658 3485 privilegio
682 3420 757 3463 cum
780 3397 873 3483 sigilli
896 3400 995 3463 nostri
1018 3400 1216 3484 inpressione
1240 3398 1331 3463 robo-

133 3508 285 3570 ravimus.
333 3504 529 3590 Recepimus
559 3513 668 3568 autem
699 3502 740 3567 ab
772 3505 816 3567 eis
847 3505 881 3566 in
912 3502 1100 3567 concambio
1124 3501 1331 3567 medietatem

135 3607 335 3675 decimarum
366 3607 407 3672 de
436 3606 562 3672 duabus
585 3607 667 3672 villis
691 3606 947 3692 Lengenuelde¹
980 3617 1012 3671 et
1034 3605 1270 3671 Mitterberch²
1300 3613 1333 3670 et

133 3714 216 3798 apud
240 3713 401 3779 Sanctum
417 3712 594 3797 Ypolytum
616 3710 651 3776 X
673 3721 706 3775 et
720 3710 786 3776 Vll
809 3711 935 3776 curtilia
958 3720 990 3775 et
1010 3710 1218 3776 medietatem
1237 3713 1332 3775 unius

134 3818 252 3883 curtilis
277 3826 310 3883 et
333 3815 398 3881 duo
419 3816 579 3881 beneficia
606 3825 638 3880 et
665 3814 832 3880 dimidium
861 3825 893 3879 et
918 3815 1039 3898 villam,
1063 3838 1126 3901 que
1155 3816 1334 3901 Sobingen³

137 3921 263 3987 dicitur.
295 3921 343 3988 Ut
365 3942 444 3985 vero
466 3920 528 3985 hec
550 3919 662 4005 legalis
686 3921 891 3984 commutatio
914 3941 974 4005 per
996 3941 1107 3984 omnes
1129 3941 1333 3984 successores

138 4036 262 4092 nostms
291 4036 364 4090 rata
393 4033 584 4110 permaneat
613 4026 657 4088 ita
686 4025 848 4108 nimirum,
878 4032 915 4087 ut
944 4026 1049 4107 etiam,
1080 4026 1107 4088 si
1136 4026 1252 4088 vinetis
1280 4023 1333 4088 de·

136 4133 263 4195 strumis
293 4127 493 4216 agricultura
522 4127 686 4211 succedat,
717 4126 856 4214 predicti
879 4127 995 4192 fratres
1018 4128 1245 4193 nichilominus
1268 4150 1332 4192 me·

137 4232 221 4300 diam
244 4245 376 4320 partem
398 4232 599 4298 decimarum
621 4236 690 4297 sive
713 4234 745 4296 in
768 4231 916 4317 frugibus
939 4235 1008 4297 sive
1031 4235 1062 4296 in
1086 4232 1332 4319 quibuscunque

134 4336 282 4404 humanis
304 4336 472 4404 laboribus
495 4340 600 4403 1111111
616 4336 767 4420 debeant,
789 4338 823 4401 in
838 4339 981 4423 presenti
997 4339 1115 4422 pagina
1130 4334 1329 4420 subscriptos

137 4544 182 4601 11.
240 4548 251 4579 ¹
276 4546 456 4615 Lengsnield‚
482 4547 514 4597 V.
536 4547 567 4598 Ο.
589 4546 625 4596 M.
646 4547 677 4596 Β.
714 4574 747 4585 -
783 4544 794 4576 ¹
820 4546 978 4612 Mittelberg
1004 4544 1125 4596 nordlich
1152 4560 1205 4595 von
1228 4544 1332 4612 meme,

142 4632 171 4683 V.
183 4635 214 4685 0.
227 4636 266 4686 M.
280 4637 310 4686 Β.
329 4663 363 4674 ·-
382 4632 393 4665 ’
411 4633 583 4699 Sebanching
600 4633 671 4683 nahe
689 4634 733 4684 bei
751 4633 848 4700 Pybra,
868 4633 900 4682 V.
913 4634 944 4685 Ο.
958 4633 998 4684 W.
1012 4632 1054 4683 W.
