3400 5350
1275 445 1337 511 773

246 631 426 699 Bonifatius
448 636 628 721 episcopus,
653 657 768 701 servus
788 657 956 702 servorum
972 635 1036 721 dei,
1051 635 1231 702 venerabili
1246 637 1342 703 fratri

17 732 19 765 ³
142 735 283 822 Georgio
313 739 464 824 episcopo
487 738 672 804 Pateriensi
700 739 837 806 salutem
859 750 892 806 et
913 740 1120 827 apostolicam
1143 739 1337 807 benedictio

17 836 21 859 ²
141 862 226 906 nem.
272 840 422 929 Suscepti
448 865 528 908 cura
555 845 719 928 regiminis
743 866 800 910 cor
822 853 967 911 nostrum
990 848 1142 911 continue
1164 845 1271 932 pulsat
1292 848 1337 911 in·

142 948 267 1030 stantia,
290 956 327 1012 ut
348 946 526 1013 solitudinis
550 946 706 1034 debitum,
730 949 773 1015 ad
796 950 884 1037 quod
908 952 1067 1015 universis
1089 949 1176 1015 orbis
1192 949 1337 1016 ecclesiis

17 1052 19 1085 ³
141 1058 174 1114 et
195 1053 395 1116 monasteriis
417 1074 476 1117 nos
498 1052 673 1138 apostolice
696 1055 859 1120 servitutis
879 1055 1055 1120 necessitas
1071 1052 1201 1140 obligat,
1226 1076 1337 1120 eorum

17 1160 20 1193 ³
142 1154 285 1242 singulis,
309 1167 403 1243 prout
424 1156 516 1222 nobis
540 1180 583 1224 ex
606 1157 670 1224 alto
692 1157 890 1245 conceditur,
914 1159 1104 1224 exolvamus
1125 1161 1158 1224 in
1182 1181 1220 1227 eo
1243 1162 1336 1246 potis·

141 1262 231 1345 sime,
253 1271 290 1326 ut
310 1260 436 1328 illorum
453 1266 632 1348 regnantia,
656 1286 720 1350 que
736 1266 874 1351 propriis
888 1272 963 1329 sunt
979 1263 1130 1329 destituta
1145 1264 1336 1351 pastoribus,

17 1372 20 1409 ³
141 1367 286 1451 personis
308 1365 426 1433 talibus
449 1376 695 1455 commutantur,
717 1391 778 1455 per
799 1391 937 1456 quarum
959 1370 1104 1453 regimen
1126 1377 1159 1434 et
1177 1369 1337 1434 solertiam

17 1478 19 1515 1
142 1471 410 1557 circumspectam
441 1471 577 1538 ecclesie
608 1482 640 1539 et
669 1475 866 1540 monasteria
894 1476 965 1560 ipsa
993 1475 1028 1538 in
1058 1472 1274 1560 spiritualibus
1305 1484 1337 1538 et

17 1594 20 1621 ³
141 1574 371 1660 temporalibus
393 1575 524 1643 valeant
545 1575 712 1665 adaugeri.
757 1576 894 1643 Dudum
916 1576 1076 1664 siquidem
1098 1576 1263 1665 quondam
1282 1577 1336 1643 Vl-

17 1692 19 1727 1
141 1680 209 1744 rico
231 1679 390 1746 monacho
416 1689 494 1747 tuuc
521 1680 642 1748 abbate
664 1683 849 1748 monasterii
871 1685 904 1747 in
926 1681 1069 1749 Cotwico
1091 1681 1212 1748 ordinis
1234 1685 1337 1748 sancti

17 1794 19 1833 ῑ
141 1782 311 1849 Benedicti
325 1784 527 1850 Pataviensis
551 1784 688 1853 diocesis
710 1788 857 1873 regimen
879 1785 1025 1852 eiusdem
1039 1789 1223 1853 monasterii
1238 1790 1336 1873 presi-

17 1882 19 1941 ὲ
142 1885 240 1954 dente
262 1888 366 1955 felicis
387 1889 626 1957 recordacionis
641 1890 795 1958 Vrbanus
818 1913 904 1978 papa
920 1891 979 1958 VI.
1003 1890 1214 1978 predecessor
1227 1902 1337 1958 noster

141 1992 313 2059 intendens
335 1992 442 2060 eidem
464 1998 667 2080 monasterio,
698 2018 772 2062 cum
795 2004 940 2080 vacaret,
969 2018 1029 2083 per
1050 1996 1225 2083 apostolice
1248 1995 1335 2062 sedis

17 2118 19 2151 ὲ
142 2096 384 2183 providenciam
405 2098 517 2165 utilem
538 2110 571 2164 et
592 2098 755 2187 ydoneam
778 2099 946 2187 presidere
967 2122 1151 2187 personam,
1181 2103 1335 2187 provisio·

17 2224 18 2231 ¹
142 2222 217 2266 nem
240 2202 385 2268 eiusdem
407 2206 593 2270 monasterii
614 2205 814 2271 ordinacioni
835 2215 869 2271 et
891 2204 1095 2292 disposicioni
1118 2227 1175 2271 sue
1196 2216 1228 2270 et
1247 2205 1336 2271 sedis

142 2304 310 2391 predicte·
340 2309 496 2374 canonice
526 2308 709 2396 specialiter
738 2311 919 2374 reservavit
948 2308 1154 2375 decernendo
1185 2331 1228 2375 ex
1257 2318 1335 2375 tunc

143 2411 233 2476 irrite
252 2421 285 2476 et
298 2414 405 2496 inane,
428 2414 455 2478 si
471 2434 566 2479 secus
582 2436 680 2500 super
694 2412 756 2478 biis
769 2435 829 2499 per
845 2435 1055 2501 quoscunque
1071 2417 1185 2501 quavis
1200 2415 1334 2479 auctori·

143 2524 208 2580 tate
231 2518 369 2581 scienter
389 2516 444 2581 vel
465 2519 651 2603 ignoranter
673 2519 875 2603 contingeret
896 2520 1088 2604 attemptari.
1127 2518 1335 2584 Postmodum

143 2641 221 2685 vero
244 2618 330 2685 dieto
352 2623 545 2687 monasterio
569 2643 612 2687 ex
628 2643 666 2688 eo
681 2631 829 2708 vacante,
853 2620 942 2710 quod
957 2620 1061 2688 dictus
1078 2621 1205 2688 Vhicus
1220 2621 1333 2689 eodem

142 2723 373 2809 predecessore
395 2728 428 2792 in
451 2726 599 2792 humanis
614 2736 732 2814 agente
747 2729 834 2793 omni
848 2729 996 2814 regimini
1016 2737 1048 2793 et
1062 2726 1334 2794 administracioni

143 2830 242 2915 ipsius
265 2833 459 2915 monasterii,
490 2833 542 2897 cui
572 2841 649 2898 tunc
675 2842 813 2919 preerat,
843 2835 877 2897 in
903 2831 1052 2897 manibus
1075 2831 1159 2897 bone
1180 2834 1333 2897 memorie

126 2930 295 3000 lobannis
318 2937 460 3023 episcopi
481 2936 683 3002 Pataviensis
706 2937 1003 3002 extraeRomanam
1029 2939 1152 3002 curiam
1178 2935 1279 3001 libere
1303 2945 1335 3000 et

144 3047 255 3123 sponte
289 3043 386 3104 cessit
417 3039 570 3128 idemque
604 3043 775 3128 episcopus
809 3042 987 3106 cessionem
1024 3038 1206 3106 huiusmodi
1240 3049 1335 3104 extra

144 3141 279 3208 eandem
304 3146 427 3210 curiam
450 3146 640 3210 auctoritate
664 3143 826 3210 ordinaria
848 3142 978 3210 admisit
1000 3143 1149 3232 dictoque
1164 3143 1334 3231 predeces-

143 3267 214 3313 sore
236 3270 296 3334 per
318 3271 393 3314 eum
415 3247 521 3315 eidem
543 3251 737 3316 monasterio
759 3271 824 3314 non
845 3251 985 3336 proviso,
1012 3251 1096 3315 sicut·
1117 3248 1246 3314 domino
1269 3248 1334 3334 pla·

143 3352 218 3435 cuit,
248 3351 291 3417 ab
320 3351 383 3418 hac
413 3352 486 3418 luce
516 3353 680 3419 subtracto
710 3375 768 3419 nos
799 3353 910 3418 divina
939 3352 1070 3419 favente
1093 3353 1269 3419 clemencia
1291 3353 1334 3418 ad

143 3456 268 3540 apicem
290 3459 405 3522 summi
428 3457 624 3545 apostolatus
648 3461 804 3544 assumpti
823 3456 867 3522 ad
881 3459 1096 3544 provisionem
1111 3460 1211 3545 ipsius
1226 3480 1333 3524 mona·

142 3561 229 3623 sterii
251 3559 390 3627 celerem
412 3572 445 3627 et
465 3562 602 3647 felicem,
627 3562 668 3628 de
690 3557 884 3650 qua'nullus
906 3572 1013 3648 preter
1028 3563 1209 3627 Romanum
1233 3563 1334 3648 ponti·

142 3664 237 3730 ficem
266 3665 329 3732 hac
357 3668 430 3732 viee
460 3666 631 3753 disponere
661 3670 764 3754 potuit
792 3689 898 3753 neque
928 3677 1033 3753 potest
1061 3670 1280 3733 reservatione
1302 3677 1335 3733 et

143 3768 273 3835 decreto
303 3769 532 3836 obsistentibus
562 3771 766 3857 supradictis,
798 3794 840 3836 ne
870 3773 1099 3836 monasterium
1129 3773 1234 3857 ipsum
1263 3794 1333 3858 pro-

142 3872 263 3938 lixioris
286 3877 469 3940 vocacionis
493 3886 711 3963 exponeretur
733 3873 954 3959 incommodis,
982 3877 1124 3960 paternis
1151 3886 1183 3940 et
1205 3874 1333 3940 solicitis

142 3977 255 4043 studiis
285 3979 489 4045 intendentes
518 3989 591 4067 post
621 3978 906 4063 deliberacionem,
937 4000 1034 4064 quam
1064 3978 1106 4044 de
1135 3978 1333 4066 preficiendo

142 4082 249 4149 eidem
278 4085 470 4149 monasterio
499 4105 673 4170 personam
703 4084 814 4149 utilem
844 4093 878 4149 et
906 4085 1010 4149 eciam
1039 4083 1236 4149 fructuosam
1258 4106 1333 4149 cum

141 4187 295 4254 fratribus
327 4189 443 4253 nostris
477 4186 649 4254 habuimus
684 4186 882 4274 diligentem.
928 4189 1070 4253 Domum
1103 4187 1147 4253 ad
1180 4187 1334 4253 dilectum

142 4291 242 4358 filium
264 4291 441 4358 Iohannem
464 4291 505 4358 de
527 4291 733 4358 Radendorff
755 4292 950 4358 monachum
977 4291 1122 4358 eiusdem
1150 4294 1333 4357 monasterii

142 4395 287 4461 ordinem
308 4398 414 4484 ipsum
437 4417 592 4483 expresse
615 4395 795 4482 professum
818 4406 850 4462 et
865 4399 898 4462 in
914 4395 1101 4461 sacerdocio
1116 4398 1332 4479 constitutum,

143 4503 195 4565 eui
210 4500 252 4566 de
266 4500 428 4588 religionis
443 4501 521 4585 zelo,
538 4500 715 4568 litterarum
732 4503 882 4586 sciencie,
898 4504 964 4567 vite
980 4499 1137 4566 munditia
1153 4522 1191 4565 ac
1208 4522 1332 4566 morum

143 4726 209 4783 858.
249 4737 262 4762 ·
278 4729 328 4780 aui
342 4729 436 4781 Bssur.
