3400 5350
337 379 402 450 260

337 577 436 644 Aebte
445 577 563 644 Petrus
574 578 621 664 [Ι.
620 579 643 665 ]
653 600 714 646 voa
725 578 878 665 Gottweip
891 580 960 646 mad
973 578 1080 666 [Paul
1094 579 1142 645 II.
1140 580 1164 667 ]
1177 601 1237 646 voa
1248 579 1422 664 [stanford
1435 582 1532 647 111111

334 683 434 747 duret
461 684 521 749 deo
547 684 708 767 Mapistcr
730 686 903 766 Joboanes,
934 684 1125 752 familiarem
1152 709 1255 771 suum,
1282 687 1334 752 die
1356 686 1532 752 Visitotion

336 787 435 853 dieses
456 787 572 871 Stiftas
597 790 684 855 batte
704 791 891 856 1111111111
913 790 1027 872 tossen,
1053 791 1122 856 aad
1148 791 1289 870 sonunt,
1316 792 1369 856 die
1391 791 1530 857 Verord·

335 914 424 976 mmq
445 894 602 960 desselben
624 895 783 962 ciubolten
803 917 845 961 su
867 896 986 962 noua.

436 1087 508 1138 Mon.
521 1087 598 1138 boica
615 1087 737 1154 xxxta,
756 1090 789 1139 bb
809 1106 848 1140 ur.
861 1090 920 1139 250.

438 1209 519 1260 Diese
538 1209 670 1260 Urkuude
693 1211 728 1260 ist
750 1210 852 1277 lntolge
875 1212 945 1261 ihres
964 1210 1083 1261 Inhaltes
1106 1209 1335 1262 culturhistorisch
1358 1225 1411 1260 von
1428 1209 1528 1260 hohern

334 1297 476 1347 Interesse.

293 1616 294 1619 Ἴ
378 1521 456 1590 258.
968 1529 1048 1587 1111
1066 1529 1232 1588 Novo-ter
1246 1531 1275 1596 2,
1292 1525 1481 1607 [dottwclgb

333 1712 405 1779 Dos
433 1712 515 1797 Stift
545 1714 698 1796 Gdttwcip
726 1713 865 1780 soldiesst
892 1715 952 1779 mit
981 1715 1050 1778 deon
1080 1714 1179 1797 stipe
1208 1716 1296 1781 Melle
1325 1717 1415 1781 cioca
1443 1715 1527 1783 eon-

760 1819 1098 1902 fraternitdtsvertroy.

436 1994 510 2060 Ortg.
531 1991 576 2062 (a)
599 1994 635 2044 rm
658 1981 921 2046 1111111111
943 1994 1026 2055 usn,
1050 1996 1126 2061 serg.
1162 1996 1234 2046 aas
1256 1995 1347 2062 sager
1373 2011 1408 2045 an
1436 1996 1525 2062 serg.-

334 2079 458 2131 Streilen.
972 2097 974 2100 ·

438 2176 556 2239 Hueber,
574 2178 690 2241 Austris,
708 2176 735 2228 S.
748 2178 789 2226 40.

437 2300 638 2351 Rttckvermerk
657 2316 681 2349 v.
696 2301 770 2351 einer
783 2299 863 2350 Hand
877 2300 902 2350 d.
918 2301 957 2351 15.
970 2300 1079 2351 Jahrb:
1097 2301 1315 2365 Hecfratemitas
1326 2307 1441 2352 revocata
1455 2309 1491 2353 cst
1500 2310 1525 2352 et

333 2405 401 2438 nova
418 2390 465 2436 aab
483 2388 534 2438 olio
552 2394 636 2438 terrore
652 2394 775 2438 retroacto
792 2394 827 2437 est
845 2404 914 2437 anno
930 2386 1027 2437 1111111
1047 2390 1121 2438 1470.

437 2560 638 2627 Reverendis
659 2563 692 2626 in
714 2561 841 2627 Christo
865 2561 1001 2626 dominis
1024 2570 1056 2627 et
1078 2563 1189 2626 amicis
1212 2583 1250 2625 ac
1273 2560 1425 2626 fratribus
1452 2585 1524 2649 pre·

334 2663 458 2731 dilectis
492 2666 620 2732 domino
653 2665 763 2733 Ulrico
796 2665 974 2731 venerabili
1007 2665 1129 2749 abbati,
1168 2663 1296 2732 domino
1328 2664 1524 2733 Wolfhardo

334 2772 430 2856 priori
460 2773 580 2857 totique
611 2773 783 2837 couventui
812 2770 947 2835 ecclesie
970 2770 1177 2835 Medlicensis
1199 2770 1314 2835 Petrus
1337 2770 1390 2835 dei
1412 2772 1525 2857 gracia

332 2874 450 2960 abbas,
485 2876 673 2941 Helnwicus
703 2878 790 2963 prior
819 2885 984 2962 totumque
1016 2875 1191 2960 capitulum
1221 2875 1357 2940 ecclesie
1387 2874 1523 2941 Chotwi-

332 2982 437 3044 censis
465 3004 538 3046 oum
568 2981 691 3046 devotis
719 2980 921 3046 oracionibus
949 2981 1180 3063 reverenciam,
1208 2979 1317 3065 fidem,
1341 3001 1432 3066 spem
1454 2982 1523 3044 uni-

331 3107 427 3149 vcrsa
452 3084 511 3149 lrec
535 3086 744 3151 confirmante
768 3086 911 3151 fraterna
934 3088 1067 3149 caritate
1091 3087 1123 3149 in
1147 3084 1210 3149 filio
1227 3085 1359 3170 virginis
1374 3084 1522 3171 gloriose.

333 3188 416 3254 Cum
447 3211 490 3253 ex
520 3192 685 3254 sentencia
714 3190 939 3276 sapientissimi
966 3188 1153 3272 Salomonis,
1185 3190 1239 3275 qui
1270 3191 1427 3254 universis
1457 3188 1524 3253 vite

333 3293 473 3359 humane
501 3296 754 3359 circumstanciie
781 3296 849 3359 sive
877 3293 1039 3359 habitibus
1062 3293 1262 3381 perlustratis
1285 3294 1447 3378 sapiencia
1471 3291 1524 3356 dei

333 3398 506 3481 mediante,
523 3420 585 3483 que
598 3399 629 3462 in
642 3400 710 3482 ipso
726 3398 843 3463 clarius
858 3397 1051 3484 refulgebat,
1068 3397 1165 3463 nichil
1179 3400 1212 3463 in
1228 3400 1298 3482 ipsa
1312 3418 1410 3483 quam
1424 3394 1525 3462 tribu-

331 3501 489 3567 lacionem
519 3512 551 3566 11
577 3501 783 3567 afflictionem
807 3504 936 3589 spiritus
959 3501 1100 3567 eundem
1124 3501 1331 3566 didicerimus
1354 3502 1525 3587 reperisse,

333 3605 483 3670 cordibus
499 3607 615 3671 nostris
631 3616 663 3670 et
679 3606 931 3692 cogitacionibus
954 3605 1184 3672 rationabiliter
1205 3629 1245 3670 ac
1267 3605 1406 3670 discrete
1420 3604 1524 3670 revol-

332 3709 481 3775 ventibus
493 3709 554 3775 hoc
566 3710 752 3796 frequenter
767 3710 1051 3776 animadvertimus
1064 3712 1231 3775 universos
1241 3710 1370 3777 labores
1380 3709 1524 3775 humane

333 3813 513 3899 fragilitatis
535 3816 580 3879 nil
602 3837 698 3901 posse
720 3825 787 3881 1111
810 3815 948 3880 dulciter
969 3837 1128 3901 recreare,
1152 3836 1250 3902 quam
1272 3817 1298 3880 si
1320 3817 1438 3881 mutuis
1454 3837 1522 3879 ora·

333 3917 479 3983 ciouibus
506 3942 547 3983 ac
573 3918 642 3983 aliis
671 3921 811 3984 caritatis
837 3919 990 4006 operibus
1017 3918 1211 4006 quibuslibet
1240 3917 1420 3984 secundum
1449 3940 1523 4004 apo·

333 4022 447 4088 stolum
471 4025 502 4087 in
525 4022 714 4087 alterutrum
736 4023 939 4109 adiuvantes,
962 4026 1061 4089 vitam
1083 4025 1297 4089 transitoriam
1320 4020 1460 4088 debilem
1483 4044 1523 4086 ac

332 4127 492 4192 infirmam
515 4129 547 4192 in
577 4126 776 4212 perhennem
806 4136 839 4192 et
868 4126 1015 4193 stabilem
1045 4136 1286 4193 commutemus.
1332 4125 1414 4192 Cum
1445 4148 1523 4211 ergo

334 4230 454 4297 domini
485 4241 517 4296 et
547 4230 662 4297 fratres
691 4230 875 4296 karissimi·
906 4231 948 4298 de
975 4234 1089 4297 vestris
1117 4234 1234 4297 sanctis
1258 4230 1461 4296 oracionibus
1483 4253 1523 4295 ac

332 4334 402 4400 aliis
427 4336 583 4422 religiosis
610 4335 761 4422 operibus
784 4345 926 4401 nostram
949 4336 1184 4422 neglienciam⁸
1208 4358 1248 4401 ac
1270 4335 1427 4400 bonorum
1449 4356 1523 4420 ope-

332 4463 404 4504 rum
431 4442 570 4527 inopiam
599 4462 765 4527 speremus
794 4440 932 4526 pleniter
954 4464 993 4506 ac
1016 4440 1147 4506 uberius
1170 4441 1347 4526 reformari,
1369 4438 1522 4504 1111111ο

332 4663 399 4718 218.
434 4675 447 4701 ·
465 4668 495 4716 Δ.
