3400 5350
1312 424 1372 490 181

178 614 289 699 Poppo
312 613 361 678 VI
383 633 491 696 urnas,
515 613 592 678 Ono
615 614 724 699 Spigel
746 615 813 679 IIII
835 636 945 698 urnae,
968 614 1074 680 Rvdlo
1096 617 1164 681 1111
1186 638 1298 700 urnam
1329 619 1374 682 in·

178 740 277 804 super
299 718 443 782 Riwinus
466 716 586 782 ibidem
616 721 716 783 servit
745 719 825 784 del
848 718 1006 784 beneficio
1029 719 1196 784 dimidium
1218 720 1373 786 talentum

180 821 264 902 den,
294 821 312 886 I
340 820 483 886 modium
513 844 648 906 avenae,
678 844 775 908 snper
805 845 943 889 avenam
970 823 1004 887 X
1027 823 1112 906 den,
1141 824 1374 911 lantphennige

179 926 242 990 XL
258 924 348 1006 den.3
371 927 448 991 item
471 925 615 990 Riwinue
639 925 680 990 de
704 925 835 991 dimidio
858 926 1018 992 beneficio
1041 926 1208 992 dimidium
1231 927 1373 993 modium

179 1051 303 1095 avenae
318 1028 526 1113 marchfnter,
542 1051 639 1115 cuper
654 1051 792 1095 avenam
807 1031 839 1096 V
852 1030 936 1114 den,
952 1030 1184 1116 lantphennige
1199 1032 1265 1096 XX
1282 1031 1373 1114 den.;

179 1133 327 1199 dominus
343 1133 529 1199 Hadmarus
547 1132 588 1199 de
603 1133 747 1219 praedio,
763 1134 850 1220 quod
867 1133 983 1200 dieitur
997 1133 1105 1219 Hveb,
1127 1134 1326 1200 marchfuter
1340 1136 1374 1200 11

179 1238 301 1303 modios
317 1258 451 1321 avenae,
467 1259 565 1323 super
580 1260 719 1303 avenam
730 1238 797 1302 XX
810 1237 895 1322 den,
910 1238 1141 1326 lantphennige
1153 1239 1285 1303 LXXX
1298 1238 1371 1304 den.

282 1341 320 1406 In
341 1341 576 1407 Winelinsdorl
594 1344 655 1406 tria
677 1342 838 1407 beneficia
861 1365 960 1427 nova,
988 1342 1155 1429 quodlibet
1176 1342 1289 1407 horum
1317 1342 1374 1408 dat

178 1447 247 1511 XX
269 1454 421 1511 metretae
448 1446 580 1531 eigilinia
609 1448 737 1511 maioris
760 1469 911 1512 mensure
934 1456 967 1512 et
987 1448 1070 1512 XVI
1092 1456 1246 1512 metretae
1268 1449 1372 1531 tritici,

178 1552 195 1615 Ι
219 1551 361 1616 modium
384 1573 509 1615 avenae
533 1559 565 1615 et
587 1551 753 1636 Iporcum
770 1550 822 1615 vel
837 1574 896 1638 pro
912 1574 1009 1636 porco
1025 1551 1159 1616 XXXV
1175 1550 1249 1635 den,
1273 1551 1372 1615 XXX

180 1678 251 1739 ova,
274 1655 291 1719 I
313 1676 473 1738 anserem,
496 1655 529 1719 H
551 1653 670 1740 pullos,
693 1654 749 1719 illa
771 1657 832 1720 tria
855 1655 1015 1720 beneficia
1038 1654 1117 1720 dant
1139 1654 1337 1720 marchfuter
1356 1656 1372 1720 I

179 1759 320 1825 modium
337 1783 472 1844 avenae,
496 1782 595 1847 super
609 1783 749 1825 avenam
763 1760 794 1824 X
813 1759 899 1845 den,
918 1760 1149 1847 lantphennige
1166 1761 1267 1825 XXX
1283 1759 1372 1842 den.;

179 1863 366 1930 Fridericus
396 1863 437 1930 de
466 1888 545 1930 area
573 1864 667 1930 solvit
694 1865 860 1930 cellerario
883 1867 912 1930 L
934 1864 1023 1948 den.;
1056 1867 1132 1930 item
1156 1863 1197 1929 de
1220 1887 1296 1929 area
1320 1862 1372 1929 do·

179 1970 265 2034 mino
295 1971 455 2056 preposito
478 1970 545 2034 XII
562 1969 652 2052 den.;
682 1969 791 2034 Ebcro
819 1968 861 2035 de
889 1969 1016 2034 duabus
1043 1972 1128 2035 areis
1156 1971 1317 2055 preposito
1341 1977 1373 2032 et

179 2073 344 2140 cellerario
368 2074 468 2138 XXX
485 2072 558 2139 den.
582 2072 696 2139 adius
720 2073 823 2139 civile.

223 2318 302 2386 169.
920 2323 1004 2381 1383
1018 2324 1130 2383 tunna
1144 2323 1195 2389 31),
1213 2324 1326 2382 lircms.

179 2491 247 2558 Der
272 2491 422 2559 Kranaer
448 2491 577 2576 Biirqer
605 2491 707 2559 Gnaeo
734 2492 853 2558 erlebtrt
879 2494 1059 2565 ooreemer
1081 2491 1271 2575 Pilyerreise
1292 2490 1374 2555 nacla

178 2598 271 2678 Rom,
301 2597 376 2664 dan
404 2596 471 2662 um
500 2598 552 2662 die
578 2597 715 2662 Zebeale
743 2599 779 2661 io
807 2597 973 2681 Strutaiay
999 2617 1069 2661 oum
1094 2595 1194 2679 stifte
1220 2595 1374 2679 Gottwctq

178 2702 259 2767 btoss
280 2704 346 2785 aas
361 2703 445 2767 aeine
459 2702 680 2767 Lebeasduucr
695 2702 850 2767 anticlea
865 2704 950 2767 aeica
964 2703 1033 2768 aad
1046 2702 1146 2765 daber
1160 2702 1241 2789 nuel·
1256 2702 1374 2766 seinem

333 2808 415 2872 Tode
436 2806 637 2872 obneweitcra
659 2827 703 2871 an
725 2808 784 2872 due
806 2806 888 2889 Str'ft
910 2806 1093 2889 bcimsullea
1115 2806 1220 2871 sotten.

281 3001 353 3067 Orig.
372 2998 426 3068 (Α),
444 3001 520 3065 Perg.
534 2999 731 3065 tenchtfleckig.
750 3000 840 3066 Siegel
858 3016 893 3049 an
910 3001 985 3052 ciaer
1002 2998 1105 3050 Preme}
1125 2998 1173 3049 auf
1188 2998 1249 3048 dem
1261 2996 1371 3048 rechten

178 3087 274 3140 Theile
292 3087 460 3155 berehlldigt3
484 3086 568 3153 Copia
585 3088 613 3138 in
632 3086 730 3137 Collo
749 3087 766 3136 f.
780 3088 813 3137 33
827 3084 880 3156 (Β).

282 3209 386 3273 Karlin,
400 3210 450 3259 333
463 3224 502 3259 nr.
514 3210 556 3259 64.
576 3237 606 3245 κ
627 3209 723 3271 Frieea,
736 3210 789 3260 Die
800 3210 907 3261 Herren
919 3225 945 3258 v.
957 3209 1105 3274 Kuenring,
1124 3206 1192 3257 Aah.
1206 3223 1245 3256 nr.
1257 3208 1308 3257 390
1317 3221 1373 3271 reg.

281 3383 353 3468 Ego
385 3382 515 3449 Gonzo¹
546 3381 588 3446 de
611 3381 747 3447 Chreme
776 3384 809 3446 in
841 3380 1013 3446 multorum
1042 3380 1201 3445 bonorum
1230 3381 1373 3444 virorum

177 3489 347 3574 presencia
370 3488 560 3552 constitutus
583 3485 759 3572 volensque
782 3484 825 3551 ad
848 3494 1033 3550 sanctorum
1055 3484 1270 3570 apostolorum
1286 3484 1373 3548 Petri

178 3602 212 3657 et
233 3591 327 3657 Pauli
356 3591 467 3656 limina
497 3612 594 3655 sanus
624 3612 684 3677 per
713 3589 767 3654 dei
796 3591 941 3674 graciam
969 3597 1002 3654 et
1023 3588 1191 3653 incolumis
1213 3588 1372 3674 proficisci

177 3695 307 3783 publice
328 3697 480 3782 profiteor
500 3704 532 3760 et
547 3704 660 3779 aperte
675 3702 843 3780 protestor,
868 3693 955 3780 quod
971 3693 1115 3758 decimas
1131 3695 1164 3757 in
1180 3693 1373 3776 Stretzinge,

178 3823 259 3888 quan
285 3800 328 3866 ab
357 3799 500 3881 ecclesia,
522 3810 617 3864 teneo
640 3798 865 3883 Chotwiccnsi,
895 3820 953 3884 pro
981 3799 1047 3863 vite
1074 3818 1145 3861 mee
1175 3796 1374 3882 temporibus

179 3905 283 3971 debeo
313 3904 534 3970 tantummodo
565 3902 730 3989 possidere
760 3913 792 3967 et
821 3925 893 3967 meo
923 3905 1015 3967 iuxta
1047 3901 1098 3967 dei
1129 3900 1373 3988 providenciam

179 4009 268 4075 obitu
295 4007 457 4075 intellecto
485 4007 572 4073 dicte
600 4006 725 4072 decime
749 4006 844 4093 pleno
867 4009 937 4072 iure
961 4005 1003 4070 ed
1026 4016 1237 4072 memoratam
1260 4003 1373 4070 Chate-

179 4116 353 4179 wicensem
384 4111 554 4177 ecelesiam
586 4120 789 4176 revertentur
820 4132 881 4175 nec
912 4112 1082 4197 quisquam
1110 4109 1267 4175 heredum
1289 4130 1372 4172 meo

179 4241 249 4283 rum
280 4217 340 4283 sibi
369 4220 418 4283 ius
448 4216 579 4304 aliquod
602 4215 778 4281 vendicare
802 4215 935 4280 debebit
957 4223 1013 4280 aut
1035 4216 1152 4300 poterit
1179 4215 1212 4278 in
1239 4211 1371 4277 eisdem.

180 4369 387 4378 -----

181 4443 243 4497 ltu.
282 4442 293 4475 ¹
312 4445 402 4495 Ueber
415 4445 503 4496 Goaao
519 4443 574 4509 vgl.
587 4442 802 4493 Kerachbanmer
819 4444 847 4493 in
860 4442 912 4493 den
924 4443 965 4492 Bl.
978 4441 996 4493 f.
1009 4440 1142 4491 Landealr.
1155 4457 1180 4490 v.
1194 4439 1286 4490 N.·Oe.
1300 4439 1373 4499 VIII,

181 4532 237 4583 361,
250 4547 276 4582 u.
288 4530 383 4583 ebend„
397 4531 496 4591 XXIX,
510 4529 593 4589 1461,
610 4529 699 4581 fernen
710 4529 818 4595 Depech
831 4531 860 4580 in
872 4529 897 4580 d.
911 4529 1000 4579 Mitth.
1013 4528 1038 4579 d.
1051 4529 1117 4579 Inrt.
1131 4528 1147 4577 1.
1161 4532 1253 4578 orterr.
1266 4526 1373 4578 (leuch.-

183 4618 287 4669 Forech.
304 4618 405 4678 XVIII,
429 4617 504 4668 3871,
540 4617 636 4668 Dieaer
657 4622 710 4667 trat
732 4617 801 4668 uach
823 4617 884 4666 dem
904 4615 977 4666 'Pede
995 4616 1084 4666 aeiner
1101 4615 1173 4665 Fran
1194 4615 1260 4665 1388
1279 4615 1307 4664 in
1326 4612 1374 4663 dae

183 4704 244 4756 surr
260 4705 354 4758 Zwettl
373 4706 418 4756 ein
437 4703 527 4770 (Fraat
543 4705 572 4755 in
590 4704 706 4768 801133,
724 4704 773 4765 III,
791 4703 887 4767 4631).
