3400 5350
1293 459 1358 526 645

162 650 347 713 monasterii
367 648 400 714 in
424 644 588 714 Ohotwico
611 647 731 714 ordinis
753 651 857 715 sancti
879 648 1048 716 Benedicti
1070 653 1102 716 in
1120 650 1268 717 omnibus
1284 652 1357 718 obe·

163 751 322 818 dienciam
344 762 376 818 et
397 754 430 817 in
453 752 580 819 Christo
601 776 717 839 preces
739 754 877 821 humiles
901 779 940 820 ec
964 755 1099 821 devotas
1122 767 1230 823 vestre
1253 768 1356 844 peter·

161 857 267 922 nitatis
297 859 408 943 gracie
439 880 504 922 una
535 879 609 923 cum
641 857 770 925 domino
801 860 920 927 Georio
951 871 1077 926 rectore
1107 861 1245 927 ecclesie
1266 885 1356 949 paro

161 959 273 1026 chislis
295 964 329 1027 in
351 960 518 1051 Haynleld
542 972 574 1028 et
595 962 721 1029 civibus
743 963 866 1030 ibidem
889 964 1051 1031 humiliter
1069 967 1198 1032 notifico
1213 988 1274 1052 per
1289 989 1357 1053 pre

161 1076 278 1148 sentes,
309 1067 468 1155 quomodo
492 1066 629 1133 lohanes
661 1079 694 1134 et
717 1067 792 1135 Otto
822 1071 929 1155 putrui
962 1068 1038 1135 dicti
1061 1070 1194 1155 Tewfel,
1217 1071 1356 1137 Iohanes

160 1172 271 1253 iudex,
302 1172 475 1238 Heinricus
499 1171 665 1258 Obrsmer,
689 1172 879 1239 Lewtoldus
902 1174 1027 1259 Hetzel,
1051 1174 1247 1242 Ohunradns
1270 1176 1356 1241 Puk·

161 1275 248 1361 cher,
271 1276 434 1342 Ekblinus
456 1276 564 1342 Zikch
587 1280 691 1343 eciam
715 1300 789 1343 cum
812 1277 931 1344 auxilio
951 1278 1085 1345 aliorum
1101 1281 1219 1346 civium
1234 1279 1356 1346 ibidem

160 1382 212 1468 pie
244 1381 427 1447 devocionis
460 1381 580 1446 affectu
603 1381 646 1447 sd
667 1382 804 1467 gloriam
826 1383 881 1448 dei
903 1393 935 1448 et
957 1383 1112 1450 honorem
1133 1383 1229 1450 beate
1252 1384 1356 1450 Maris

162 1507 291 1573 semper
313 1488 447 1573 virginis
470 1495 503 1551 et
526 1487 668 1552 omnium
690 1497 876 1554 sanctorum
897 1509 936 1553 ae
958 1487 1046 1554 beati
1067 1488 1201 1554 Andree
1223 1488 1357 1575 apostoli

160 1594 284 1678 patroni
306 1594 340 1657 in
362 1591 448 1657 dicta
470 1591 608 1657 ecclesia
630 1591 808 1678 Haynfeld,
833 1594 925 1658 cuius
944 1594 995 1657 ius
1010 1602 1197 1680 patronatus
1212 1615 1270 1659 seu
1284 1616 1354 1680 pre·

160 1698 354 1762 sentscionis
384 1695 502 1761 adme
524 1697 656 1761 racione
678 1695 756 1761 dicti
779 1699 920 1783 pertinet
941 1699 1126 1763 monosterii
1148 1707 1182 1763 et
1203 1697 1245 1764 ob
1269 1697 1354 1763 salu·

159 1810 224 1866 tem
247 1804 427 1866 animarum
450 1822 582 1866 suarum
603 1799 874 1886 predecessorum
896 1823 954 1867 seu
976 1823 1201 1868 successorum
1222 1824 1354 1869 suorum

159 1928 198 1971 ac
228 1908 370 1971 omnium
400 1904 545 1971 fidelium
575 1903 802 1972 defunctorum
832 1915 866 1972 et
891 1908 990 1992 ipsius
1013 1906 1150 1973 ecclesie
1172 1907 1354 1994 profectum

159 2009 271 2076 dotare
294 2011 511 2077 decrevenmt
532 2019 565 2075 et
585 2008 805 2075 fundaverunt
826 2009 869 2076 de
891 2033 963 2077 meo
986 2021 1019 2077 et
1039 2011 1116 2077 dicti
1131 2014 1266 2079 rectoris
1281 2033 1353 2077 con·

159 2116 228 2182 silio
252 2125 284 2181 et
306 2137 465 2182 consensu
481 2113 646 2202 quandum
660 2116 793 2179 missam
811 2117 845 2180 in
862 2115 1000 2181 ecclesia
1014 2115 1160 2203 predicta
1174 2117 1352 2203 perpetluis

157 2220 390 2307 tem]peribus¹
413 2222 499 2286 omni
522 2219 575 2285 die
598 2217 828 2285 celebrandam
849 2242 910 2305 per
924 2219 1101 2307 plebanum
1115 2230 1172 2286 aut
1192 2222 1260 2286 eius
1278 2242 1351 2306 cap·

158 2325 321 2412 pellanum
352 2323 474 2391 ibidem
496 2324 549 2390 vel
572 2325 676 2390 eciam
699 2346 774 2390 cum
796 2346 929 2390 suorum
951 2324 1094 2391 subsidio
1117 2327 1276 2391 sociorum
1298 2327 1352 2410 ita,

158 2428 246 2517 quod
275 2432 372 2496 missa
400 2453 465 2496 non
494 2429 687 2515 negligatur,
718 2428 777 2494 sed
808 2429 923 2496 diebus
946 2428 1123 2515 ferialibus,
1146 2428 1277 2517 quando
1299 2451 1352 2516 po-

157 2535 251 2620 pulus
274 2558 338 2602 non
361 2543 457 2601 vacat
480 2533 521 2599 de
544 2556 649 2613 mane,
672 2532 788 2600 diebus
810 2544 920 2600 autem
943 2534 1161 2621 solempnibus
1184 2535 1306 2601 festivis
1322 2543 1355 2599 et

158 2639 325 2706 dominicis
355 2663 394 2706 sc
424 2640 538 2707 funere
568 2647 728 2727 presente,
756 2637 815 2705 sed
845 2662 910 2706 non
938 2639 1147 2726 parvulorum
1170 2649 1203 2705 et
1223 2641 1257 2705 in
1279 2661 1354 2705 exe·

158 2747 241 2831 quiis
263 2748 491 2812 anniversariis
512 2744 598 2811 infre
618 2742 783 2831 publicam
805 2747 904 2810 misse
932 2744 1150 2811 celebrabitur
1179 2743 1352 2829 antedicta,

156 2859 190 2915 et
210 2849 368 2936 plebanus
391 2849 524 2916 debebit
545 2849 669 2916 babere
690 2840 866 2935 spdeislem
889 2848 1115 2936 cappellanum
1135 2848 1178 2914 ad
1193 2849 1352 2935 prefatam

156 2956 296 3040 missam,
320 2954 407 3042 quod
428 2965 538 3021 tamen
560 2953 688 3020 divinus
712 2952 816 3019 cultus
838 2955 928 3040 prius
950 2953 1073 3020 ibidem
1088 2962 1269 3019 conswetus
1285 2975 1351 3018 non

155 3061 327 3145 minuatur,
358 3063 512 3148 quociens
542 3069 651 3127 autem
673 3057 798 3144 absque
820 3057 1014 3124 arduissima
1036 3059 1229 3125 necessitate
1253 3059 1351 3123 missa

156 3165 305 3251 neglecta
333 3165 439 3248 fuerit,
469 3167 591 3230 tociens
620 3172 727 3230 rector
756 3162 894 3228 ecclesie
923 3161 1118 3248 obligabitur
1141 3170 1173 3228 et
1195 3161 1274 3227 dare
1297 3160 1350 3227 de·

158 3267 246 3333 bebit
275 3268 318 3334 ad
348 3269 608 3336 melioracionem
635 3271 846 3338 candelarum
869 3272 922 3338 vel
945 3294 1114 3339 cereorum
1134 3275 1168 3338 in
1191 3272 1278 3339 dicte
1301 3295 1351 3338 ec·

155 3371 254 3438 clesia
276 3373 430 3440 Hsinleld
452 3397 551 3440 unam
573 3374 740 3443 dimidiam
761 3377 877 3443 libram
900 3399 974 3443 cere
997 3380 1065 3444 sine
1081 3375 1350 3462 contradiccione‚

154 3476 198 3543 ad
228 3480 318 3543 cuius
349 3500 424 3544 cere
453 3479 648 3546 solucionem
671 3482 812 3548 cundem
833 3492 994 3549 rectorem
1016 3493 1124 3549 vester
1147 3481 1293 3548 officialis
1316 3484 1350 3548 in

154 3580 287 3666 Winna
310 3585 365 3670 qui
387 3582 485 3649 fuerit
505 3594 562 3650 aut
583 3583 728 3651 decanus
748 3589 783 3652 in
804 3585 911 3653 Tulns
932 3610 992 3675 per
1015 3609 1186 3653 censuram
1200 3586 1350 3653 ecclesia

154 3688 268 3752 sticum
299 3687 465 3754 coartabit
503 3689 586 3755 Item
616 3689 768 3757 addicto
791 3694 889 3758 misse
911 3691 1140 3758 fundacionem
1161 3691 1278 3778 prelati
1300 3692 1348 3757 Ic

154 3791 256 3857 hanes
286 3801 319 3857 et
347 3791 423 3859 Otto
455 3816 530 3859 cum
559 3794 653 3861 dictis
683 3797 809 3863 civibus
843 3799 1091 3882 assignaverunt
1125 3795 1288 3863 dederunt
1317 3805 1350 3862 et

154 3896 359 3964 donaverunt
388 3897 526 3966 ecclesie
555 3900 701 3986 predicte
732 3912 764 3966 et
793 3904 862 3967 eius
892 3903 1009 3967 rectori
1039 3901 1225 3988 quindecim
1248 3901 1347 3968 libras

153 4002 360 4069 denariorum
390 4002 629 4088 Winnensium
656 4007 689 4071 in
719 4009 834 4073 snnuis
865 4006 1022 4073 reditibus
1050 4005 1255 4092 superbene
1277 4006 1347 4073 fun·

154 4106 236 4174 datis
266 4118 299 4175 et
329 4111 424 4174 certis
454 4108 547 4175 bonis
577 4113 714 4197 propriis
745 4114 861 4199 emptis
890 4134 950 4198 per
979 4134 1034 4177 eos
1056 4135 1076 4177 a
1100 4110 1228 4177 domino
1251 4111 1347 4177 Mari·

152 4211 275 4278 cbardo
306 4211 392 4279 dicto
422 4213 570 4279 Hewsler
600 4224 632 4279 et
661 4214 801 4301 aliunde,
832 4224 929 4303 prout
959 4217 991 4281 in
1025 4214 1137 4281 litteris
1172 4217 1348 4302 empcionis

150 4317 309 4383 bonorum
341 4318 559 4406 predictorum
589 4321 780 4385 continetur.
825 4319 978 4386 Predicta
1008 4329 1117 4386 autem
1150 4319 1238 4386 bona
1271 4342 1347 4386 cum

151 4421 270 4487 colonis
300 4433 455 4510 perpetue
488 4426 648 4510 pertinere
679 4423 846 4490 debebunt
876 4423 919 4490 ad
950 4423 1070 4489 dictem
1105 4422 1277 4490 ecclesiam
1313 4426 1346 4489 in

153 4525 320 4614 Hsynfeld
342 4538 373 4593 et
396 4530 465 4594 eius
488 4538 647 4594 rectorem
670 4551 745 4594 cum
767 4528 917 4594 omnibus
940 4539 973 4594 et
995 4527 1128 4615 singulis
1143 4530 1346 4615 proprietati·

152 4630 213 4696 bus
242 4634 447 4717 pertinenciis
469 4632 627 4698 fructibus
651 4643 683 4699 et
705 4643 864 4720 potestate
886 4633 1072 4699 instituendi
1096 4642 1128 4699 et
1150 4632 1347 4698 destituendi

152 4735 339 4803 conferendi
369 4746 401 4803 et
430 4739 516 4803 omni
545 4739 626 4823 iure,
656 4736 930 4824 quemadmodum
957 4737 1045 4804 dicte
1069 4736 1153 4804 bona
1176 4739 1264 4824 prius
1287 4758 1345 4823 per
