<?xml version="1.0" encoding="UTF-8"?>
<!DOCTYPE html PUBLIC "-//W3C//DTD XHTML 1.0 Transitional//EN"
    "http://www.w3.org/TR/xhtml1/DTD/xhtml1-transitional.dtd">
<html xmlns="http://www.w3.org/1999/xhtml" xml:lang="en" lang="en">
 <head>
  <title>
</title>
<meta http-equiv="Content-Type" content="text/html;charset=utf-8" />
  <meta name='ocr-system' content='tesseract 3.04.00' />
  <meta name='ocr-capabilities' content='ocr_page ocr_carea ocr_par ocr_line ocrx_word'/>
</head>
<body>
  <div class='ocr_page' id='page_1' title='image "./fontesrerumaust01unkngoog_0258.png"; bbox 0 0 3400 5350; ppageno 0'>
   <div class='ocr_carea' id='block_1_1' title="bbox 1294 421 1359 488">
    <p class='ocr_par' dir='ltr' id='par_1_1' title="bbox 1294 421 1359 488">
     <span class='ocr_line' id='line_1_1' title="bbox 1294 421 1359 488; baseline 0.031 -2"><span class='ocrx_word' id='word_1_1' title='bbox 1294 421 1359 488; x_wconf 77' lang='lat'><strong>233</strong></span> 
     </span>
    </p>
   </div>
   <div class='ocr_carea' id='block_1_2' title="bbox 160 611 1360 2477">
    <p class='ocr_par' dir='ltr' id='par_1_2' title="bbox 160 611 1360 2477">
     <span class='ocr_line' id='line_1_2' title="bbox 268 611 1358 703; baseline 0.006 -26"><span class='ocrx_word' id='word_1_2' title='bbox 268 611 416 678; x_wconf 77' lang='lat' dir='ltr'><strong>Excusat</strong></span> <span class='ocrx_word' id='word_1_3' title='bbox 430 635 482 678; x_wconf 90' lang='lat' dir='ltr'><strong>me</strong></span> <span class='ocrx_word' id='word_1_4' title='bbox 498 616 545 678; x_wconf 90' lang='lat' dir='ltr'><strong>rei</strong></span> <span class='ocrx_word' id='word_1_5' title='bbox 560 615 771 700; x_wconf 78' lang='lat' dir='ltr'><strong>experientia,</strong></span> <span class='ocrx_word' id='word_1_6' title='bbox 795 614 882 701; x_wconf 90' lang='lat' dir='ltr'><strong>quod</strong></span> <span class='ocrx_word' id='word_1_7' title='bbox 897 625 1031 681; x_wconf 85' lang='lat' dir='ltr'><strong>vocatus</strong></span> <span class='ocrx_word' id='word_1_8' title='bbox 1046 638 1107 703; x_wconf 89' lang='lat' dir='ltr'><strong>per</strong></span> <span class='ocrx_word' id='word_1_9' title='bbox 1120 626 1265 683; x_wconf 86' lang='lat' dir='ltr'><strong>vestrum</strong></span> <span class='ocrx_word' id='word_1_10' title='bbox 1280 640 1358 683; x_wconf 88' lang='lat' dir='ltr'><strong>uun·</strong></span> 
     </span>
     <span class='ocr_line' id='line_1_3' title="bbox 162 718 1358 808; baseline 0.003 -25"><span class='ocrx_word' id='word_1_11' title='bbox 162 721 244 783; x_wconf 93' lang='lat' dir='ltr'><strong>tium</strong></span> <span class='ocrx_word' id='word_1_12' title='bbox 272 720 366 805; x_wconf 82' lang='lat' dir='ltr'><strong>piger</strong></span> <span class='ocrx_word' id='word_1_13' title='bbox 396 720 487 784; x_wconf 88' lang='lat' dir='ltr'><strong>extiti</strong></span> <span class='ocrx_word' id='word_1_14' title='bbox 517 718 559 784; x_wconf 88' lang='lat' dir='ltr'><strong>ad</strong></span> <span class='ocrx_word' id='word_1_15' title='bbox 591 718 793 804; x_wconf 77' lang='lat' dir='ltr'><strong>descensum,</strong></span> <span class='ocrx_word' id='word_1_16' title='bbox 825 723 901 807; x_wconf 88' lang='lat' dir='ltr'><strong>quia</strong></span> <span class='ocrx_word' id='word_1_17' title='bbox 930 742 989 806; x_wconf 89' lang='lat' dir='ltr'><strong>pro</strong></span> <span class='ocrx_word' id='word_1_18' title='bbox 1017 731 1106 788; x_wconf 90' lang='lat' dir='ltr'><strong>certo</strong></span> <span class='ocrx_word' id='word_1_19' title='bbox 1134 724 1250 806; x_wconf 84' lang='lat' dir='ltr'><strong>omnia,</strong></span> <span class='ocrx_word' id='word_1_20' title='bbox 1274 745 1358 808; x_wconf 86' lang='lat' dir='ltr'><strong>quae</strong></span> 
     </span>
     <span class='ocr_line' id='line_1_4' title="bbox 162 822 1359 913; baseline 0.004 -26"><span class='ocrx_word' id='word_1_21' title='bbox 162 844 297 909; x_wconf 87' lang='lat' dir='ltr'><strong>presens</strong></span> <span class='ocrx_word' id='word_1_22' title='bbox 314 822 425 889; x_wconf 83' lang='lat' dir='ltr'><strong>dicere</strong></span> <span class='ocrx_word' id='word_1_23' title='bbox 439 826 623 909; x_wconf 89' lang='lat' dir='ltr'><strong>potuissem,</strong></span> <span class='ocrx_word' id='word_1_24' title='bbox 645 824 929 911; x_wconf 88' lang='lat' dir='ltr'><strong>comprehendisse</strong></span> <span class='ocrx_word' id='word_1_25' title='bbox 944 849 996 891; x_wconf 91' lang='lat' dir='ltr'><strong>me</strong></span> <span class='ocrx_word' id='word_1_26' title='bbox 1012 825 1137 891; x_wconf 92' lang='lat' dir='ltr'><strong>credidi</strong></span> <span class='ocrx_word' id='word_1_27' title='bbox 1151 848 1211 913; x_wconf 90' lang='lat' dir='ltr'><strong>per</strong></span> <span class='ocrx_word' id='word_1_28' title='bbox 1226 829 1359 912; x_wconf 89' lang='lat' dir='ltr'><strong>scriptu·</strong></span> 
     </span>
     <span class='ocr_line' id='line_1_5' title="bbox 162 927 1357 1018; baseline 0.003 -26"><span class='ocrx_word' id='word_1_29' title='bbox 162 950 243 993; x_wconf 90' lang='lat' dir='ltr'><strong>ram.</strong></span> <span class='ocrx_word' id='word_1_30' title='bbox 273 927 316 992; x_wconf 80' lang='lat' dir='ltr'><strong>Et</strong></span> <span class='ocrx_word' id='word_1_31' title='bbox 338 928 420 994; x_wconf 85' lang='lat' dir='ltr'><strong>forte</strong></span> <span class='ocrx_word' id='word_1_32' title='bbox 443 928 668 1015; x_wconf 86' lang='lat' dir='ltr'><strong>corpusculum</strong></span> <span class='ocrx_word' id='word_1_33' title='bbox 691 952 799 994; x_wconf 91' lang='lat' dir='ltr'><strong>meum</strong></span> <span class='ocrx_word' id='word_1_34' title='bbox 822 929 1032 1015; x_wconf 80' lang='lat' dir='ltr'><strong>aegritudinis</strong></span> <span class='ocrx_word' id='word_1_35' title='bbox 1055 933 1236 1018; x_wconf 89' lang='lat' dir='ltr'><strong>praesensit</strong></span> <span class='ocrx_word' id='word_1_36' title='bbox 1257 952 1357 1016; x_wconf 85' lang='lat' dir='ltr'><strong>angu-</strong></span> 
     </span>
     <span class='ocr_line' id='line_1_6' title="bbox 163 1032 1357 1122; baseline 0.003 -26"><span class='ocrx_word' id='word_1_37' title='bbox 163 1034 251 1116; x_wconf 87' lang='lat' dir='ltr'><strong>stias,</strong></span> <span class='ocrx_word' id='word_1_38' title='bbox 278 1053 375 1118; x_wconf 86' lang='lat' dir='ltr'><strong>quam</strong></span> <span class='ocrx_word' id='word_1_39' title='bbox 404 1032 527 1098; x_wconf 86' lang='lat' dir='ltr'><strong>fortiter</strong></span> <span class='ocrx_word' id='word_1_40' title='bbox 554 1054 626 1098; x_wconf 91' lang='lat' dir='ltr'><strong>sum</strong></span> <span class='ocrx_word' id='word_1_41' title='bbox 653 1044 818 1120; x_wconf 87' lang='lat' dir='ltr'><strong>expertus.</strong></span> <span class='ocrx_word' id='word_1_42' title='bbox 865 1034 931 1100; x_wconf 85' lang='lat' dir='ltr'><strong>Sed</strong></span> <span class='ocrx_word' id='word_1_43' title='bbox 959 1037 1035 1122; x_wconf 90' lang='lat' dir='ltr'><strong>quia</strong></span> <span class='ocrx_word' id='word_1_44' title='bbox 1062 1057 1121 1122; x_wconf 84' lang='lat' dir='ltr'><strong>per</strong></span> <span class='ocrx_word' id='word_1_45' title='bbox 1144 1034 1357 1121; x_wconf 82' lang='lat' dir='ltr'><strong>deigratiam</strong></span> 
     </span>
     <span class='ocr_line' id='line_1_7' title="bbox 163 1137 1356 1226; baseline 0.003 -25"><span class='ocrx_word' id='word_1_46' title='bbox 163 1159 258 1223; x_wconf 86' lang='lat' dir='ltr'><strong>spero</strong></span> <span class='ocrx_word' id='word_1_47' title='bbox 287 1160 339 1203; x_wconf 93' lang='lat' dir='ltr'><strong>me</strong></span> <span class='ocrx_word' id='word_1_48' title='bbox 370 1137 598 1204; x_wconf 86' lang='lat' dir='ltr'><strong>convalescere</strong></span> <span class='ocrx_word' id='word_1_49' title='bbox 629 1148 835 1225; x_wconf 86' lang='lat' dir='ltr'><strong>vestrumque</strong></span> <span class='ocrx_word' id='word_1_50' title='bbox 862 1142 1028 1225; x_wconf 83' lang='lat' dir='ltr'><strong>negotium</strong></span> <span class='ocrx_word' id='word_1_51' title='bbox 1050 1149 1099 1205; x_wconf 89' lang='lat' dir='ltr'><strong>est</strong></span> <span class='ocrx_word' id='word_1_52' title='bbox 1121 1143 1153 1205; x_wconf 93' lang='lat' dir='ltr'><strong>in</strong></span> <span class='ocrx_word' id='word_1_53' title='bbox 1177 1143 1356 1226; x_wconf 89' lang='lat' dir='ltr'><strong>sapientum</strong></span> 
     </span>
     <span class='ocr_line' id='line_1_8' title="bbox 162 1242 1358 1331; baseline 0.004 -25"><span class='ocrx_word' id='word_1_54' title='bbox 162 1242 313 1307; x_wconf 91' lang='lat' dir='ltr'><strong>manibus</strong></span> <span class='ocrx_word' id='word_1_55' title='bbox 342 1252 496 1330; x_wconf 88' lang='lat' dir='ltr'><strong>tanquam</strong></span> <span class='ocrx_word' id='word_1_56' title='bbox 526 1245 560 1308; x_wconf 92' lang='lat' dir='ltr'><strong>in</strong></span> <span class='ocrx_word' id='word_1_57' title='bbox 588 1246 689 1328; x_wconf 89' lang='lat' dir='ltr'><strong>portis</strong></span> <span class='ocrx_word' id='word_1_58' title='bbox 719 1243 905 1331; x_wconf 91' lang='lat' dir='ltr'><strong>patentibus</strong></span> <span class='ocrx_word' id='word_1_59' title='bbox 940 1244 1140 1328; x_wconf 88' lang='lat' dir='ltr'><strong>collocatum,</strong></span> <span class='ocrx_word' id='word_1_60' title='bbox 1177 1248 1203 1310; x_wconf 86' lang='lat' dir='ltr'><strong>si</strong></span> <span class='ocrx_word' id='word_1_61' title='bbox 1230 1248 1358 1312; x_wconf 92' lang='lat' dir='ltr'><strong>omnino</strong></span> 
     </span>
     <span class='ocr_line' id='line_1_9' title="bbox 162 1349 1358 1435; baseline 0.003 -24"><span class='ocrx_word' id='word_1_62' title='bbox 162 1349 379 1432; x_wconf 87' lang='lat' dir='ltr'><strong>praesentiam</strong></span> <span class='ocrx_word' id='word_1_63' title='bbox 400 1370 507 1413; x_wconf 92' lang='lat' dir='ltr'><strong>meam</strong></span> <span class='ocrx_word' id='word_1_64' title='bbox 529 1350 676 1433; x_wconf 87' lang='lat' dir='ltr'><strong>speratis,</strong></span> <span class='ocrx_word' id='word_1_65' title='bbox 699 1350 877 1435; x_wconf 84' lang='lat' dir='ltr'><strong>[nequeo]·</strong></span> <span class='ocrx_word' id='word_1_66' title='bbox 900 1349 1081 1434; x_wconf 87' lang='lat' dir='ltr'><strong>suffragari.</strong></span> <span class='ocrx_word' id='word_1_67' title='bbox 1119 1349 1258 1415; x_wconf 85' lang='lat' dir='ltr'><strong>Multum</strong></span> <span class='ocrx_word' id='word_1_68' title='bbox 1280 1351 1358 1415; x_wconf 91' lang='lat' dir='ltr'><strong>mihi</strong></span> 
     </span>
     <span class='ocr_line' id='line_1_10' title="bbox 162 1450 1358 1541; baseline 0.003 -26"><span class='ocrx_word' id='word_1_69' title='bbox 162 1450 316 1536; x_wconf 85' lang='lat' dir='ltr'><strong>placeret,</strong></span> <span class='ocrx_word' id='word_1_70' title='bbox 346 1454 373 1517; x_wconf 92' lang='lat' dir='ltr'><strong>si</strong></span> <span class='ocrx_word' id='word_1_71' title='bbox 402 1455 435 1517; x_wconf 92' lang='lat' dir='ltr'><strong>in</strong></span> <span class='ocrx_word' id='word_1_72' title='bbox 465 1461 592 1539; x_wconf 90' lang='lat' dir='ltr'><strong>tempus</strong></span> <span class='ocrx_word' id='word_1_73' title='bbox 623 1454 923 1540; x_wconf 74' lang='lat' dir='ltr'><strong>quadragesimae,b</strong></span> <span class='ocrx_word' id='word_1_74' title='bbox 953 1452 1083 1541; x_wconf 86' lang='lat' dir='ltr'><strong>quando</strong></span> <span class='ocrx_word' id='word_1_75' title='bbox 1111 1454 1283 1519; x_wconf 87' lang='lat' dir='ltr'><strong>Danubius</strong></span> <span class='ocrx_word' id='word_1_76' title='bbox 1312 1455 1358 1520; x_wconf 94' lang='lat' dir='ltr'><strong>in·</strong></span> 
     </span>
     <span class='ocr_line' id='line_1_11' title="bbox 165 1557 1358 1644; baseline 0.003 -25"><span class='ocrx_word' id='word_1_77' title='bbox 165 1557 242 1641; x_wconf 89' lang='lat' dir='ltr'><strong>cipit</strong></span> <span class='ocrx_word' id='word_1_78' title='bbox 272 1577 343 1621; x_wconf 89' lang='lat' dir='ltr'><strong>esse</strong></span> <span class='ocrx_word' id='word_1_79' title='bbox 370 1558 511 1643; x_wconf 86' lang='lat' dir='ltr'><strong>pervius,</strong></span> <span class='ocrx_word' id='word_1_80' title='bbox 542 1567 578 1622; x_wconf 91' lang='lat' dir='ltr'><strong>ut</strong></span> <span class='ocrx_word' id='word_1_81' title='bbox 608 1557 695 1644; x_wconf 91' lang='lat' dir='ltr'><strong>apud</strong></span> <span class='ocrx_word' id='word_1_82' title='bbox 718 1557 909 1624; x_wconf 85' lang='lat' dir='ltr'><strong>Chremsam</strong></span> <span class='ocrx_word' id='word_1_83' title='bbox 939 1557 990 1623; x_wconf 86' lang='lat' dir='ltr'><strong>vel</strong></span> <span class='ocrx_word' id='word_1_84' title='bbox 1018 1561 1051 1623; x_wconf 91' lang='lat' dir='ltr'><strong>in</strong></span> <span class='ocrx_word' id='word_1_85' title='bbox 1073 1558 1135 1624; x_wconf 84' lang='lat' dir='ltr'><strong>elio</strong></span> <span class='ocrx_word' id='word_1_86' title='bbox 1158 1557 1228 1623; x_wconf 92' lang='lat' dir='ltr'><strong>loco</strong></span> <span class='ocrx_word' id='word_1_87' title='bbox 1251 1583 1271 1623; x_wconf 92' lang='lat' dir='ltr'><strong>a</strong></span> <span class='ocrx_word' id='word_1_88' title='bbox 1293 1558 1358 1623; x_wconf 85' lang='lat' dir='ltr'><strong>De·</strong></span> 
     </span>
     <span class='ocr_line' id='line_1_12' title="bbox 163 1658 1356 1749; baseline 0.003 -26"><span class='ocrx_word' id='word_1_89' title='bbox 163 1658 261 1725; x_wconf 90' lang='lat' dir='ltr'><strong>nubio</strong></span> <span class='ocrx_word' id='word_1_90' title='bbox 288 1682 353 1725; x_wconf 92' lang='lat' dir='ltr'><strong>non</strong></span> <span class='ocrx_word' id='word_1_91' title='bbox 380 1671 503 1727; x_wconf 91' lang='lat' dir='ltr'><strong>remoto</strong></span> <span class='ocrx_word' id='word_1_92' title='bbox 527 1661 621 1727; x_wconf 87' lang='lat' dir='ltr'><strong>electi</strong></span> <span class='ocrx_word' id='word_1_93' title='bbox 642 1662 755 1727; x_wconf 85' lang='lat' dir='ltr'><strong>arbitri</strong></span> <span class='ocrx_word' id='word_1_94' title='bbox 779 1666 999 1746; x_wconf 88' lang='lat' dir='ltr'><strong>convenirent,</strong></span> <span class='ocrx_word' id='word_1_95' title='bbox 1023 1663 1110 1749; x_wconf 90' lang='lat' dir='ltr'><strong>quod</strong></span> <span class='ocrx_word' id='word_1_96' title='bbox 1132 1672 1165 1728; x_wconf 89' lang='lat' dir='ltr'><strong>et</strong></span> <span class='ocrx_word' id='word_1_97' title='bbox 1187 1661 1356 1748; x_wconf 88' lang='lat' dir='ltr'><strong>prodesset</strong></span> 
     </span>
     <span class='ocr_line' id='line_1_13' title="bbox 160 1763 1360 1848; baseline 0.003 -20"><span class='ocrx_word' id='word_1_98' title='bbox 160 1785 221 1848; x_wconf 90' lang='lat' dir='ltr'><strong>pro</strong></span> <span class='ocrx_word' id='word_1_99' title='bbox 243 1763 402 1830; x_wconf 89' lang='lat' dir='ltr'><strong>habendis</strong></span> <span class='ocrx_word' id='word_1_100' title='bbox 424 1766 618 1831; x_wconf 84' lang='lat' dir='ltr'><strong>victualibus</strong></span> <span class='ocrx_word' id='word_1_101' title='bbox 642 1777 674 1832; x_wconf 91' lang='lat' dir='ltr'><strong>et</strong></span> <span class='ocrx_word' id='word_1_102' title='bbox 695 1766 848 1832; x_wconf 86' lang='lat' dir='ltr'><strong>habenda</strong></span> <span class='ocrx_word' id='word_1_103' title='bbox 872 1766 1077 1832; x_wconf 91' lang='lat' dir='ltr'><strong>nihilominus</strong></span> <span class='ocrx_word' id='word_1_104' title='bbox 1107 1789 1297 1832; x_wconf 86' lang='lat' dir='ltr'><strong>secessuum</strong></span> <span class='ocrx_word' id='word_1_105' title='bbox 1327 1776 1360 1831; x_wconf 89' lang='lat' dir='ltr'><strong>et</strong></span> 
     </span>
     <span class='ocr_line' id='line_1_14' title="bbox 161 1866 1356 1960; baseline 0.003 -28"><span class='ocrx_word' id='word_1_106' title='bbox 161 1866 385 1934; x_wconf 78' lang='lat' dir='ltr'><strong>accedentium</strong></span> <span class='ocrx_word' id='word_1_107' title='bbox 417 1870 587 1936; x_wconf 88' lang='lat' dir='ltr'><strong>commoda</strong></span> <span class='ocrx_word' id='word_1_108' title='bbox 616 1870 777 1937; x_wconf 86' lang='lat' dir='ltr'><strong>facultate.</strong></span> <span class='ocrx_word' id='word_1_109' title='bbox 823 1872 895 1960; x_wconf 79' lang='lat' dir='ltr'><strong>Ego</strong></span> <span class='ocrx_word' id='word_1_110' title='bbox 925 1881 1033 1937; x_wconf 91' lang='lat' dir='ltr'><strong>tamen</strong></span> <span class='ocrx_word' id='word_1_111' title='bbox 1064 1870 1107 1937; x_wconf 88' lang='lat' dir='ltr'><strong>ad</strong></span> <span class='ocrx_word' id='word_1_112' title='bbox 1136 1882 1281 1937; x_wconf 85' lang='lat' dir='ltr'><strong>vestrum</strong></span> <span class='ocrx_word' id='word_1_113' title='bbox 1302 1873 1356 1935; x_wconf 93' lang='lat' dir='ltr'><strong>im-</strong></span> 
     </span>
     <span class='ocr_line' id='line_1_15' title="bbox 160 1973 1358 2059; baseline 0.003 -23"><span class='ocrx_word' id='word_1_114' title='bbox 160 1977 287 2058; x_wconf 85' lang='lat' dir='ltr'><strong>perium</strong></span> <span class='ocrx_word' id='word_1_115' title='bbox 309 1973 411 2039; x_wconf 90' lang='lat' dir='ltr'><strong>ducor</strong></span> <span class='ocrx_word' id='word_1_116' title='bbox 432 1986 465 2040; x_wconf 90' lang='lat' dir='ltr'><strong>et</strong></span> <span class='ocrx_word' id='word_1_117' title='bbox 486 1974 634 2059; x_wconf 85' lang='lat' dir='ltr'><strong>reducor,</strong></span> <span class='ocrx_word' id='word_1_118' title='bbox 658 1978 686 2040; x_wconf 88' lang='lat' dir='ltr'><strong>si</strong></span> <span class='ocrx_word' id='word_1_119' title='bbox 707 1976 848 2041; x_wconf 86' lang='lat' dir='ltr'><strong>salvator</strong></span> <span class='ocrx_word' id='word_1_120' title='bbox 871 1978 1013 2041; x_wconf 90' lang='lat' dir='ltr'><strong>omnium</strong></span> <span class='ocrx_word' id='word_1_121' title='bbox 1035 1976 1112 2040; x_wconf 93' lang='lat' dir='ltr'><strong>mihi</strong></span> <span class='ocrx_word' id='word_1_122' title='bbox 1136 1974 1263 2040; x_wconf 85' lang='lat' dir='ltr'><strong>dederit</strong></span> <span class='ocrx_word' id='word_1_123' title='bbox 1277 1975 1358 2040; x_wconf 90' lang='lat' dir='ltr'><strong>sani·</strong></span> 
     </span>
     <span class='ocr_line' id='line_1_16' title="bbox 160 2077 1359 2166; baseline 0.003 -24"><span class='ocrx_word' id='word_1_124' title='bbox 160 2086 272 2143; x_wconf 83' lang='lat' dir='ltr'><strong>tatem.</strong></span> <span class='ocrx_word' id='word_1_125' title='bbox 318 2077 362 2143; x_wconf 84' lang='lat' dir='ltr'><strong>Et</strong></span> <span class='ocrx_word' id='word_1_126' title='bbox 395 2089 483 2145; x_wconf 89' lang='lat' dir='ltr'><strong>certe</strong></span> <span class='ocrx_word' id='word_1_127' title='bbox 517 2078 634 2145; x_wconf 87' lang='lat' dir='ltr'><strong>absens</strong></span> <span class='ocrx_word' id='word_1_128' title='bbox 669 2102 813 2166; x_wconf 91' lang='lat' dir='ltr'><strong>corpore,</strong></span> <span class='ocrx_word' id='word_1_129' title='bbox 848 2102 1004 2166; x_wconf 88' lang='lat' dir='ltr'><strong>praeseus</strong></span> <span class='ocrx_word' id='word_1_130' title='bbox 1037 2090 1146 2145; x_wconf 91' lang='lat' dir='ltr'><strong>tamen</strong></span> <span class='ocrx_word' id='word_1_131' title='bbox 1180 2081 1292 2166; x_wconf 89' lang='lat' dir='ltr'><strong>spiritu</strong></span> <span class='ocrx_word' id='word_1_132' title='bbox 1326 2087 1359 2145; x_wconf 91' lang='lat' dir='ltr'><strong>et</strong></span> 
     </span>
     <span class='ocr_line' id='line_1_17' title="bbox 161 2182 1358 2270; baseline 0.001 -24"><span class='ocrx_word' id='word_1_133' title='bbox 161 2182 282 2247; x_wconf 84' lang='lat' dir='ltr'><strong>effectu</strong></span> <span class='ocrx_word' id='word_1_134' title='bbox 311 2193 377 2248; x_wconf 85' lang='lat' dir='ltr'><strong>tam</strong></span> <span class='ocrx_word' id='word_1_135' title='bbox 406 2183 494 2270; x_wconf 87' lang='lat' dir='ltr'><strong>apud</strong></span> <span class='ocrx_word' id='word_1_136' title='bbox 528 2183 694 2249; x_wconf 91' lang='lat' dir='ltr'><strong>dominum</strong></span> <span class='ocrx_word' id='word_1_137' title='bbox 728 2207 845 2263; x_wconf 88' lang='lat' dir='ltr'><strong>meum,</strong></span> <span class='ocrx_word' id='word_1_138' title='bbox 880 2183 1101 2250; x_wconf 88' lang='lat' dir='ltr'><strong>venerabilem</strong></span> <span class='ocrx_word' id='word_1_139' title='bbox 1130 2185 1358 2250; x_wconf 87' lang='lat' dir='ltr'><strong>Pataviensem</strong></span> 
     </span>
     <span class='ocr_line' id='line_1_18' title="bbox 162 2286 1358 2376; baseline 0 -24"><span class='ocrx_word' id='word_1_140' title='bbox 162 2289 360 2374; x_wconf 87' lang='lat' dir='ltr'><strong>episcopum,</strong></span> <span class='ocrx_word' id='word_1_141' title='bbox 383 2311 481 2374; x_wconf 88' lang='lat' dir='ltr'><strong>quam</strong></span> <span class='ocrx_word' id='word_1_142' title='bbox 503 2288 580 2353; x_wconf 80' lang='lat' dir='ltr'><strong>alibi</strong></span> <span class='ocrx_word' id='word_1_143' title='bbox 602 2288 745 2354; x_wconf 89' lang='lat' dir='ltr'><strong>studiose</strong></span> <span class='ocrx_word' id='word_1_144' title='bbox 767 2289 830 2354; x_wconf 87' lang='lat' dir='ltr'><strong>feci</strong></span> <span class='ocrx_word' id='word_1_145' title='bbox 853 2292 971 2374; x_wconf 90' lang='lat' dir='ltr'><strong>omnia,</strong></span> <span class='ocrx_word' id='word_1_146' title='bbox 995 2311 1078 2376; x_wconf 89' lang='lat' dir='ltr'><strong>quae</strong></span> <span class='ocrx_word' id='word_1_147' title='bbox 1098 2311 1216 2354; x_wconf 90' lang='lat' dir='ltr'><strong>causae</strong></span> <span class='ocrx_word' id='word_1_148' title='bbox 1233 2286 1358 2353; x_wconf 89' lang='lat' dir='ltr'><strong>credidi</strong></span> 
     </span>
     <span class='ocr_line' id='line_1_19' title="bbox 162 2393 340 2477; baseline 0.011 -22"><span class='ocrx_word' id='word_1_149' title='bbox 162 2393 340 2477; x_wconf 87' lang='lat' dir='ltr'><strong>profutura.</strong></span> 
     </span>
    </p>
   </div>
   <div class='ocr_carea' id='block_1_3' title="bbox 161 2514 1356 2707">
    <p class='ocr_par' dir='ltr' id='par_1_3' title="bbox 161 2514 1356 2707">
     <span class='ocr_line' id='line_1_20' title="bbox 265 2514 1356 2602; baseline -0.001 -22"><span class='ocrx_word' id='word_1_150' title='bbox 265 2514 505 2581; x_wconf 83' lang='lat' dir='ltr'><strong>Ueberschrist:</strong></span> <span class='ocrx_word' id='word_1_151' title='bbox 540 2514 739 2602; x_wconf 84' lang='lat' dir='ltr'><strong>,Wolfgangi</strong></span> <span class='ocrx_word' id='word_1_152' title='bbox 767 2515 901 2602; x_wconf 88' lang='lat' dir='ltr'><strong>epistola</strong></span> <span class='ocrx_word' id='word_1_153' title='bbox 928 2515 971 2581; x_wconf 88' lang='lat' dir='ltr'><strong>ad</strong></span> <span class='ocrx_word' id='word_1_154' title='bbox 998 2515 1153 2581; x_wconf 90' lang='lat' dir='ltr'><strong>abbatem</strong></span> <span class='ocrx_word' id='word_1_155' title='bbox 1176 2515 1356 2582; x_wconf 83' lang='lat' dir='ltr'><strong>Gotwicen-</strong></span> 
     </span>
     <span class='ocr_line' id='line_1_21' title="bbox 161 2620 1356 2707; baseline 0.001 -23"><span class='ocrx_word' id='word_1_156' title='bbox 161 2641 240 2704; x_wconf 90' lang='lat' dir='ltr'><strong>sem,</strong></span> <span class='ocrx_word' id='word_1_157' title='bbox 264 2641 323 2685; x_wconf 89' lang='lat' dir='ltr'><strong>cur</strong></span> <span class='ocrx_word' id='word_1_158' title='bbox 344 2630 478 2686; x_wconf 83' lang='lat' dir='ltr'><strong>vocatus</strong></span> <span class='ocrx_word' id='word_1_159' title='bbox 500 2622 612 2686; x_wconf 82' lang='lat' dir='ltr'><strong>venire</strong></span> <span class='ocrx_word' id='word_1_160' title='bbox 635 2642 700 2686; x_wconf 91' lang='lat' dir='ltr'><strong>non</strong></span> <span class='ocrx_word' id='word_1_161' title='bbox 722 2623 870 2707; x_wconf 90' lang='lat' dir='ltr'><strong>potuerit,</strong></span> <span class='ocrx_word' id='word_1_162' title='bbox 894 2643 1027 2687; x_wconf 88' lang='lat' dir='ltr'><strong>causam</strong></span> <span class='ocrx_word' id='word_1_163' title='bbox 1047 2623 1115 2687; x_wconf 89' lang='lat' dir='ltr'><strong>eius</strong></span> <span class='ocrx_word' id='word_1_164' title='bbox 1131 2622 1247 2687; x_wconf 91' lang='lat' dir='ltr'><strong>intuto</strong></span> <span class='ocrx_word' id='word_1_165' title='bbox 1264 2620 1356 2686; x_wconf 89' lang='lat' dir='ltr'><strong>esse‘.</strong></span> 
     </span>
    </p>
   </div>
   <div class='ocr_carea' id='block_1_4' title="bbox 205 2882 1312 2967">
    <p class='ocr_par' dir='ltr' id='par_1_4' title="bbox 205 2882 1312 2967">
     <span class='ocr_line' id='line_1_22' title="bbox 205 2882 1312 2967; baseline -0.004 -17"><span class='ocrx_word' id='word_1_166' title='bbox 205 2882 288 2950; x_wconf 76' lang='lat' dir='ltr'><strong>tte.</strong></span> <span class='ocrx_word' id='word_1_167' title='bbox 980 2886 1312 2967; x_wconf 65' lang='lat' dir='ltr'><strong>[semetsemet]</strong></span> 
     </span>
    </p>
   </div>
   <div class='ocr_carea' id='block_1_5' title="bbox 161 3073 1357 3455">
    <p class='ocr_par' dir='ltr' id='par_1_5' title="bbox 161 3073 1355 3159">
     <span class='ocr_line' id='line_1_23' title="bbox 161 3073 1355 3159; baseline 0.002 -21"><span class='ocrx_word' id='word_1_168' title='bbox 161 3073 355 3156; x_wconf 71' lang='lat' dir='ltr'><strong>Erebiacbos</strong></span> <span class='ocrx_word' id='word_1_169' title='bbox 369 3075 508 3140; x_wconf 79' lang='lat' dir='ltr'><strong>Koared</strong></span> <span class='ocrx_word' id='word_1_170' title='bbox 530 3095 590 3139; x_wconf 79' lang='lat' dir='ltr'><strong>oco</strong></span> <span class='ocrx_word' id='word_1_171' title='bbox 612 3075 768 3159; x_wconf 79' lang='lat' dir='ltr'><strong>Solebarp</strong></span> <span class='ocrx_word' id='word_1_172' title='bbox 789 3076 978 3157; x_wconf 64' lang='lat' dir='ltr'><strong>depascet</strong></span> <span class='ocrx_word' id='word_1_173' title='bbox 1000 3076 1062 3140; x_wconf 86' lang='lat' dir='ltr'><strong>den</strong></span> <span class='ocrx_word' id='word_1_174' title='bbox 1083 3097 1144 3141; x_wconf 78' lang='lat' dir='ltr'><strong>con</strong></span> <span class='ocrx_word' id='word_1_175' title='bbox 1164 3076 1230 3142; x_wconf 76' lang='lat' dir='ltr'><strong>Aet</strong></span> <span class='ocrx_word' id='word_1_176' title='bbox 1252 3076 1355 3140; x_wconf 83' lang='lat' dir='ltr'><strong>Hein-</strong></span> 
     </span>
    </p>

    <p class='ocr_par' dir='ltr' id='par_1_6' title="bbox 161 3177 1357 3263">
     <span class='ocr_line' id='line_1_24' title="bbox 161 3177 1357 3263; baseline 0.002 -20"><span class='ocrx_word' id='word_1_177' title='bbox 161 3179 230 3244; x_wconf 77' lang='lat' dir='ltr'><strong>rich</strong></span> <span class='ocrx_word' id='word_1_178' title='bbox 252 3178 313 3243; x_wconf 87' lang='lat' dir='ltr'><strong>IV.</strong></span> <span class='ocrx_word' id='word_1_179' title='bbox 337 3199 397 3244; x_wconf 79' lang='lat' dir='ltr'><strong>voa</strong></span> <span class='ocrx_word' id='word_1_180' title='bbox 427 3177 579 3263; x_wconf 72' lang='lat' dir='ltr'><strong>Gtttweip</strong></span> <span class='ocrx_word' id='word_1_181' title='bbox 613 3181 678 3262; x_wconf 78' lang='lat' dir='ltr'><strong>auf</strong></span> <span class='ocrx_word' id='word_1_182' title='bbox 702 3181 753 3245; x_wconf 85' lang='lat' dir='ltr'><strong>dic</strong></span> <span class='ocrx_word' id='word_1_183' title='bbox 782 3179 903 3261; x_wconf 73' lang='lat' dir='ltr'><strong>Psarre</strong></span> <span class='ocrx_word' id='word_1_184' title='bbox 933 3179 1093 3246; x_wconf 76' lang='lat' dir='ltr'><strong>Petrmwll</strong></span> <span class='ocrx_word' id='word_1_185' title='bbox 1119 3181 1357 3263; x_wconf 77' lang='lat' dir='ltr'><strong>prdsente&#39;erten</strong></span> 
     </span>
    </p>

    <p class='ocr_par' dir='ltr' id='par_1_7' title="bbox 161 3282 1355 3455">
     <span class='ocr_line' id='line_1_25' title="bbox 161 3282 1355 3367; baseline 0.004 -20"><span class='ocrx_word' id='word_1_186' title='bbox 161 3282 301 3365; x_wconf 77' lang='lat' dir='ltr'><strong>Pfarrer</strong></span> <span class='ocrx_word' id='word_1_187' title='bbox 333 3284 504 3349; x_wconf 78' lang='lat' dir='ltr'><strong>Friedrich</strong></span> <span class='ocrx_word' id='word_1_188' title='bbox 535 3305 596 3348; x_wconf 82' lang='lat' dir='ltr'><strong>von</strong></span> <span class='ocrx_word' id='word_1_189' title='bbox 629 3283 858 3350; x_wconf 77' lang='lat' dir='ltr'><strong>Pleekeastein</strong></span> <span class='ocrx_word' id='word_1_190' title='bbox 891 3305 961 3350; x_wconf 86' lang='lat' dir='ltr'><strong>eom</strong></span> <span class='ocrx_word' id='word_1_191' title='bbox 990 3284 1141 3367; x_wconf 77' lang='lat' dir='ltr'><strong>Defectus</strong></span> <span class='ocrx_word' id='word_1_192' title='bbox 1174 3285 1228 3352; x_wconf 82' lang='lat' dir='ltr'><strong>dee</strong></span> <span class='ocrx_word' id='word_1_193' title='bbox 1261 3307 1355 3352; x_wconf 80' lang='lat' dir='ltr'><strong>cuno·</strong></span> 
     </span>
     <span class='ocr_line' id='line_1_26' title="bbox 625 3388 891 3455; baseline 0.004 -2"><span class='ocrx_word' id='word_1_194' title='bbox 625 3388 753 3454; x_wconf 70' lang='lat' dir='ltr'><strong>accam</strong></span> <span class='ocrx_word' id='word_1_195' title='bbox 774 3389 891 3455; x_wconf 80' lang='lat' dir='ltr'><strong>Altera.</strong></span> 
     </span>
    </p>
   </div>
   <div class='ocr_carea' id='block_1_6' title="bbox 265 3563 841 3751">
    <p class='ocr_par' dir='ltr' id='par_1_8' title="bbox 265 3563 841 3751">
     <span class='ocr_line' id='line_1_27' title="bbox 265 3563 841 3631; baseline 0.003 -18"><span class='ocrx_word' id='word_1_196' title='bbox 265 3564 327 3625; x_wconf 79' lang='lat' dir='ltr'><strong>Per,</strong></span> <span class='ocrx_word' id='word_1_197' title='bbox 345 3564 424 3614; x_wconf 82' lang='lat' dir='ltr'><strong>Thes.</strong></span> <span class='ocrx_word' id='word_1_198' title='bbox 438 3563 559 3614; x_wconf 81' lang='lat' dir='ltr'><strong>anecdot.</strong></span> <span class='ocrx_word' id='word_1_199' title='bbox 573 3563 658 3631; x_wconf 74' lang='lat' dir='ltr'><strong>Vllll,</strong></span> <span class='ocrx_word' id='word_1_200' title='bbox 679 3565 727 3614; x_wconf 89' lang='lat'><strong>181</strong></span> <span class='ocrx_word' id='word_1_201' title='bbox 746 3579 786 3615; x_wconf 89' lang='lat' dir='ltr'><strong>nr.</strong></span> <span class='ocrx_word' id='word_1_202' title='bbox 799 3565 841 3615; x_wconf 73' lang='lat' dir='ltr'><strong>et.</strong></span> 
     </span>
     <span class='ocr_line' id='line_1_28' title="bbox 266 3686 550 3751; baseline 0.004 -16"><span class='ocrx_word' id='word_1_203' title='bbox 266 3686 327 3751; x_wconf 75' lang='lat' dir='ltr'><strong>vgl.</strong></span> <span class='ocrx_word' id='word_1_204' title='bbox 346 3703 385 3738; x_wconf 91' lang='lat' dir='ltr'><strong>nr.</strong></span> <span class='ocrx_word' id='word_1_205' title='bbox 403 3687 550 3737; x_wconf 74' lang='lat' dir='ltr'><strong>tut-218.</strong></span> 
     </span>
    </p>
   </div>
   <div class='ocr_carea' id='block_1_7' title="bbox 161 3857 1357 4573">
    <p class='ocr_par' dir='ltr' id='par_1_9' title="bbox 161 3857 1357 4573">
     <span class='ocr_line' id='line_1_29' title="bbox 267 3857 1357 3946; baseline 0.002 -23"><span class='ocrx_word' id='word_1_206' title='bbox 267 3857 352 3939; x_wconf 80' lang='lat' dir='ltr'><strong>Quia</strong></span> <span class='ocrx_word' id='word_1_207' title='bbox 374 3858 564 3946; x_wconf 87' lang='lat' dir='ltr'><strong>plerumque</strong></span> <span class='ocrx_word' id='word_1_208' title='bbox 588 3860 751 3945; x_wconf 83' lang='lat' dir='ltr'><strong>contingit,</strong></span> <span class='ocrx_word' id='word_1_209' title='bbox 774 3869 810 3924; x_wconf 89' lang='lat' dir='ltr'><strong>ut</strong></span> <span class='ocrx_word' id='word_1_210' title='bbox 831 3861 916 3924; x_wconf 85' lang='lat' dir='ltr'><strong>infra</strong></span> <span class='ocrx_word' id='word_1_211' title='bbox 938 3882 1039 3925; x_wconf 89' lang='lat' dir='ltr'><strong>annos</strong></span> <span class='ocrx_word' id='word_1_212' title='bbox 1060 3860 1266 3927; x_wconf 89' lang='lat' dir='ltr'><strong>rationabiles</strong></span> <span class='ocrx_word' id='word_1_213' title='bbox 1282 3884 1357 3927; x_wconf 93' lang='lat' dir='ltr'><strong>con·</strong></span> 
     </span>
     <span class='ocr_line' id='line_1_30' title="bbox 162 3963 1355 4050; baseline 0.003 -23"><span class='ocrx_word' id='word_1_214' title='bbox 162 3964 262 4027; x_wconf 86' lang='lat' dir='ltr'><strong>stitnti</strong></span> <span class='ocrx_word' id='word_1_215' title='bbox 284 3963 543 4028; x_wconf 88' lang='lat' dir='ltr'><strong>irrationabiliter</strong></span> <span class='ocrx_word' id='word_1_216' title='bbox 565 3972 720 4050; x_wconf 90' lang='lat' dir='ltr'><strong>appetant</strong></span> <span class='ocrx_word' id='word_1_217' title='bbox 743 3967 939 4048; x_wconf 86' lang='lat' dir='ltr'><strong>conversari,</strong></span> <span class='ocrx_word' id='word_1_218' title='bbox 961 3964 1083 4029; x_wconf 87' lang='lat' dir='ltr'><strong>idcirco</strong></span> <span class='ocrx_word' id='word_1_219' title='bbox 1106 3967 1191 4030; x_wconf 88' lang='lat' dir='ltr'><strong>sacri</strong></span> <span class='ocrx_word' id='word_1_220' title='bbox 1214 3987 1355 4030; x_wconf 90' lang='lat' dir='ltr'><strong>canones</strong></span> 
     </span>
     <span class='ocr_line' id='line_1_31' title="bbox 161 4066 1356 4155; baseline 0.002 -24"><span class='ocrx_word' id='word_1_221' title='bbox 161 4066 391 4152; x_wconf 87' lang='lat' dir='ltr'><strong>promovendis</strong></span> <span class='ocrx_word' id='word_1_222' title='bbox 413 4066 455 4133; x_wconf 90' lang='lat' dir='ltr'><strong>ad</strong></span> <span class='ocrx_word' id='word_1_223' title='bbox 480 4067 698 4133; x_wconf 85' lang='lat' dir='ltr'><strong>ecclesiastice</strong></span> <span class='ocrx_word' id='word_1_224' title='bbox 720 4070 897 4133; x_wconf 85' lang='lat' dir='ltr'><strong>ministeria</strong></span> <span class='ocrx_word' id='word_1_225' title='bbox 921 4078 1010 4133; x_wconf 81' lang='lat' dir='ltr'><strong>certa</strong></span> <span class='ocrx_word' id='word_1_226' title='bbox 1033 4078 1109 4134; x_wconf 91' lang='lat' dir='ltr'><strong>sunt</strong></span> <span class='ocrx_word' id='word_1_227' title='bbox 1122 4071 1236 4134; x_wconf 85' lang='lat' dir='ltr'><strong>aetatis</strong></span> <span class='ocrx_word' id='word_1_228' title='bbox 1252 4072 1356 4155; x_wconf 83' lang='lat' dir='ltr'><strong>spatie</strong></span> 
     </span>
     <span class='ocr_line' id='line_1_32' title="bbox 161 4171 1356 4259; baseline 0.003 -23"><span class='ocrx_word' id='word_1_229' title='bbox 161 4173 329 4238; x_wconf 89' lang='lat' dir='ltr'><strong>moderati.</strong></span> <span class='ocrx_word' id='word_1_230' title='bbox 368 4171 434 4240; x_wconf 86' lang='lat' dir='ltr'><strong>Sed</strong></span> <span class='ocrx_word' id='word_1_231' title='bbox 457 4174 533 4259; x_wconf 89' lang='lat' dir='ltr'><strong>quia</strong></span> <span class='ocrx_word' id='word_1_232' title='bbox 555 4176 589 4238; x_wconf 93' lang='lat' dir='ltr'><strong>in</strong></span> <span class='ocrx_word' id='word_1_233' title='bbox 611 4182 792 4239; x_wconf 84' lang='lat' dir='ltr'><strong>ternorum</strong></span> <span class='ocrx_word' id='word_1_234' title='bbox 814 4177 982 4239; x_wconf 84' lang='lat' dir='ltr'><strong>maturitas</strong></span> <span class='ocrx_word' id='word_1_235' title='bbox 1004 4173 1132 4259; x_wconf 90' lang='lat' dir='ltr'><strong>supplet</strong></span> <span class='ocrx_word' id='word_1_236' title='bbox 1154 4182 1293 4239; x_wconf 88' lang='lat' dir='ltr'><strong>aetatem</strong></span> <span class='ocrx_word' id='word_1_237' title='bbox 1315 4197 1356 4239; x_wconf 86' lang='lat' dir='ltr'><strong>ac</strong></span> 
     </span>
     <span class='ocr_line' id='line_1_33' title="bbox 163 4275 1356 4364; baseline 0.002 -23"><span class='ocrx_word' id='word_1_238' title='bbox 163 4275 335 4360; x_wconf 86' lang='lat' dir='ltr'><strong>defectum,</strong></span> <span class='ocrx_word' id='word_1_239' title='bbox 366 4298 463 4363; x_wconf 90' lang='lat' dir='ltr'><strong>quem</strong></span> <span class='ocrx_word' id='word_1_240' title='bbox 492 4277 601 4363; x_wconf 90' lang='lat' dir='ltr'><strong>quoad</strong></span> <span class='ocrx_word' id='word_1_241' title='bbox 631 4300 731 4343; x_wconf 88' lang='lat' dir='ltr'><strong>annos</strong></span> <span class='ocrx_word' id='word_1_242' title='bbox 763 4277 872 4343; x_wconf 89' lang='lat' dir='ltr'><strong>adhuc</strong></span> <span class='ocrx_word' id='word_1_243' title='bbox 902 4286 1017 4343; x_wconf 88' lang='lat' dir='ltr'><strong>natura</strong></span> <span class='ocrx_word' id='word_1_244' title='bbox 1047 4277 1197 4364; x_wconf 84' lang='lat' dir='ltr'><strong>denegat,</strong></span> <span class='ocrx_word' id='word_1_245' title='bbox 1221 4300 1356 4343; x_wconf 86' lang='lat' dir='ltr'><strong>munere</strong></span> 
     </span>
     <span class='ocr_line' id='line_1_34' title="bbox 164 4381 1357 4470; baseline 0.002 -24"><span class='ocrx_word' id='word_1_246' title='bbox 164 4381 293 4448; x_wconf 89' lang='lat' dir='ltr'><strong>divinae</strong></span> <span class='ocrx_word' id='word_1_247' title='bbox 323 4385 458 4467; x_wconf 77' lang='lat' dir='ltr'><strong>gratiae,</strong></span> <span class='ocrx_word' id='word_1_248' title='bbox 488 4385 643 4448; x_wconf 86' lang='lat' dir='ltr'><strong>virtutum</strong></span> <span class='ocrx_word' id='word_1_249' title='bbox 672 4383 911 4470; x_wconf 88' lang='lat' dir='ltr'><strong>pulchritudine</strong></span> <span class='ocrx_word' id='word_1_250' title='bbox 942 4404 981 4447; x_wconf 90' lang='lat' dir='ltr'><strong>ac</strong></span> <span class='ocrx_word' id='word_1_251' title='bbox 1004 4381 1242 4469; x_wconf 89' lang='lat' dir='ltr'><strong>quodammodo</strong></span> <span class='ocrx_word' id='word_1_252' title='bbox 1265 4382 1357 4448; x_wconf 89' lang='lat' dir='ltr'><strong>senili</strong></span> 
     </span>
     <span class='ocr_line' id='line_1_35' title="bbox 163 4485 1355 4573; baseline 0.001 -23"><span class='ocrx_word' id='word_1_253' title='bbox 163 4487 340 4553; x_wconf 84' lang='lat' dir='ltr'><strong>moralitate</strong></span> <span class='ocrx_word' id='word_1_254' title='bbox 370 4487 583 4570; x_wconf 89' lang='lat' dir='ltr'><strong>transcendis,</strong></span> <span class='ocrx_word' id='word_1_255' title='bbox 614 4509 671 4552; x_wconf 90' lang='lat' dir='ltr'><strong>nos</strong></span> <span class='ocrx_word' id='word_1_256' title='bbox 698 4489 803 4573; x_wconf 87' lang='lat' dir='ltr'><strong>potius</strong></span> <span class='ocrx_word' id='word_1_257' title='bbox 826 4497 955 4553; x_wconf 91' lang='lat' dir='ltr'><strong>nostrae</strong></span> <span class='ocrx_word' id='word_1_258' title='bbox 979 4485 1242 4552; x_wconf 88' lang='lat' dir='ltr'><strong>censiderationis</strong></span> <span class='ocrx_word' id='word_1_259' title='bbox 1264 4488 1355 4552; x_wconf 88' lang='lat' dir='ltr'><strong>intui-</strong></span> 
     </span>
    </p>
   </div>
   <div class='ocr_carea' id='block_1_8' title="bbox 163 4710 1355 4781">
    <p class='ocr_par' dir='ltr' id='par_1_10' title="bbox 163 4710 1355 4781">
     <span class='ocr_line' id='line_1_36' title="bbox 163 4710 1355 4781; baseline 0.001 -16"><span class='ocrx_word' id='word_1_260' title='bbox 163 4710 226 4767; x_wconf 74' lang='lat' dir='ltr'><strong>tle.</strong></span> <span class='ocrx_word' id='word_1_261' title='bbox 265 4725 279 4749; x_wconf 83' lang='lat'>⁸</span> <span class='ocrx_word' id='word_1_262' title='bbox 296 4714 347 4765; x_wconf 77' lang='lat' dir='ltr'><strong>Am</strong></span> <span class='ocrx_word' id='word_1_263' title='bbox 359 4714 452 4765; x_wconf 78' lang='lat' dir='ltr'><strong>Raude</strong></span> <span class='ocrx_word' id='word_1_264' title='bbox 464 4731 516 4765; x_wconf 81' lang='lat' dir='ltr'><strong>roo</strong></span> <span class='ocrx_word' id='word_1_265' title='bbox 530 4715 584 4764; x_wconf 80' lang='lat' dir='ltr'><strong>Per</strong></span> <span class='ocrx_word' id='word_1_266' title='bbox 596 4718 714 4780; x_wconf 73' lang='lat' dir='ltr'><strong>ergtnrt.</strong></span> <span class='ocrx_word' id='word_1_267' title='bbox 734 4743 765 4752; x_wconf 99' lang='lat'>-</span> <span class='ocrx_word' id='word_1_268' title='bbox 786 4717 799 4749; x_wconf 60' lang='grc' dir='ltr'>δ</span> <span class='ocrx_word' id='word_1_269' title='bbox 816 4715 897 4781; x_wconf 73' lang='lat' dir='ltr'><strong>Folgt</strong></span> <span class='ocrx_word' id='word_1_270' title='bbox 908 4717 969 4766; x_wconf 90' lang='lat' dir='ltr'><strong>eine</strong></span> <span class='ocrx_word' id='word_1_271' title='bbox 981 4715 1148 4781; x_wconf 74' lang='lat' dir='ltr'><strong>Auslassung</strong></span> <span class='ocrx_word' id='word_1_272' title='bbox 1161 4714 1207 4765; x_wconf 88' lang='lat' dir='ltr'><strong>des</strong></span> <span class='ocrx_word' id='word_1_273' title='bbox 1219 4713 1355 4781; x_wconf 77' lang='lat' dir='ltr'><strong>copisten.</strong></span> 
     </span>
    </p>
   </div>
   <div class='ocr_carea' id='block_1_9' title="bbox 0 0 1704 5350">
    <p class='ocr_par' dir='ltr' id='par_1_11' title="bbox 0 0 1704 5350">
     <span class='ocr_line' id='line_1_37' title="bbox 0 0 1704 5350; baseline 0 0"><span class='ocrx_word' id='word_1_274' title='bbox 0 0 1704 5350; x_wconf 95' lang='lat' dir='ltr'><strong> </strong></span> 
     </span>
    </p>
   </div>
  </div>
 </body>
</html>
