3400 5350
365 394 427 459 134

363 589 396 653 in
420 586 577 654 Chremeb
606 589 640 652 in
670 589 761 652 curia
790 586 983 674 parrochiali
1009 608 1096 651 anno
1123 585 1244 651 domini
1268 583 1400 669 Meos,
1429 585 1554 650 XVIII.

363 692 522 758 kalendas
546 692 738 757 decembris,

467 886 487 937 1.
519 885 546 936 S.
563 885 588 936 d.
605 885 665 935 Aba.
684 884 815 936 Heinrich
838 901 865 934 v.
885 885 1020 950 Gottweig
1046 883 1210 950 beschtdigt,
1237 882 1377 949 spitzoval,
1405 882 1556 949 ungeftrbt,

363 972 404 1022 111
415 972 439 1022 A
452 974 468 1023 2
481 988 504 1022 a
525 999 557 1010 —
576 971 611 1022 11.
631 973 795 1038 Gtttweiger
812 970 1029 1037 Conreutsiegel,
1048 970 1109 1020 IIB
1127 969 1178 1037 (nr.
1192 967 1245 1035 69).

944 1219 1026 1277 1251
1045 1215 1132 1297 [nach
1148 1218 1323 1292 September
1338 1212 1403 1294 24]‚
1420 1217 1513 1276 stein.

363 1405 429 1471 Abt
450 1405 607 1470 Heinrich
629 1403 697 1470 III.
722 1426 784 1468 voe
806 1403 960 1487 Gittweip
990 1404 1116 1470 tausobt
1143 1405 1202 1469 mit
1231 1404 1301 1468 dem
1327 1401 1427 1485 Stifte
1453 1401 1556 1468 Oster-

363 1511 457 1592 hofee
487 1511 589 1576 Giiter
617 1510 686 1574 oud
713 1509 855 1591 tiberpr'bt
886 1509 956 1573 dere
984 1508 1119 1591 Propste
1147 1508 1284 1574 desolbat
1313 1510 1404 1573 aneu
1426 1507 1503 1589 Hof
1522 1509 1557 1571 iu

363 1615 474 1681 Iheiss
502 1616 571 1680 aad
596 1614 732 1680 Zeheute
760 1615 809 1679 bei
834 1612 961 1695 Kreas,
992 1615 1096 1698 wositr
1122 1635 1156 1679 er
1182 1614 1241 1680 dus
1268 1612 1360 1695 Dorf
1380 1611 1557 1694 Oberfuchu

905 1719 1016 1785 erhilt.

468 1878 551 1944 copie
572 1880 585 1929 1
612 1879 640 1928 in
667 1878 741 1930 Mon.
757 1877 836 1928 boica
858 1877 920 1939 XII,
943 1879 993 1927 397
1018 1894 1057 1930 nr.
1076 1878 1107 1926 bl
1133 1875 1216 1944 (Mon.
1234 1875 1463 1937 Osterhoviensia,
1486 1874 1558 1940 Dipl.

364 1965 488 2034 miscell.)
508 1963 566 2033 (B);
595 1965 678 2030 Copie
695 1966 722 2026 ΙΙ
740 1965 769 2014 iu
786 1964 847 2015 dem
867 1964 930 2014 Ood.
948 1981 987 2016 nr.
1006 1965 1056 2014 886
1083 1963 1132 2014 ani
1152 1964 1217 2030 Pap.
1241 1962 1328 2029 (rothe
1350 1961 1402 2030 nr.)
1426 1977 1476 2013 ans
1498 1963 1557 2012 dem

366 2055 406 2105 18.
418 2053 513 2105 Jahrh.
532 2070 571 2103 nr.
585 2055 616 2102 41
633 2050 677 2121 (0)
696 2052 848 2103 ieblerhaft.

467 2177 522 2227 Der
540 2175 765 2226 Archivvermerlr
787 2190 830 2226 am
854 2174 948 2224 Rande
970 2190 1023 2225 von
1041 2174 1077 2224 B:
1099 2175 1128 2224 in
1146 2174 1248 2223 archiv.
1265 2173 1339 2224 Lade
1353 2175 1412 2236 152,
1435 2174 1512 2226 Face.
1528 2177 1559 2224 13

364 2280 403 2314 ur.
424 2265 464 2325 16,
487 2264 563 2313 weist
584 2261 633 2312 anf
653 2263 697 2312 ein
718 2262 801 2312 haute
823 2262 922 2311 bereits
944 2260 1066 2312 verloren
1088 2275 1259 2327 gegangenes
1281 2260 1404 2326 Original
1428 2261 1486 2325 hin,
1510 2261 1557 2311 dae

363 2350 424 2400 dem
442 2350 568 2416 Cepisten
592 2349 639 2399 des
662 2350 702 2399 18.
719 2348 933 2400 Jahrhundcrtes
951 2348 1021 2398 noch
1039 2346 1141 2414 vorhg,
1165 2347 1211 2398 das
1229 2362 1259 2398 er
1275 2347 1341 2398 aher
1357 2347 1420 2398 sehr
1437 2346 1559 2414 mangel-

364 2437 423 2488 halt
439 2439 566 2504 ccpIerie.

468 2611 508 2675 In
530 2612 659 2677 nomine
682 2619 794 2675 sancte
817 2619 848 2675 et
870 2609 1037 2675 individue
1059 2610 1222 2692 trinitatis3
1246 2630 1350 2673 amen.
1395 2608 1560 2673 Henricus

366 2716 419 2781 dei
441 2718 547 2801 gratie
569 2715 673 2781 abbas
689 2715 921 2782 Ohotwicensie
944 2715 1092 2781 omnibus
1111 2714 1197 2780 hanc
1216 2714 1342 2779 literam
1362 2716 1560 2800 suscepturis

365 2821 501 2886 salutem
522 2824 773 2907 inperpetuum.
804 2821 1028 2886 Discretorum
1047 2822 1189 2885 virorum
1205 2818 1408 2905 providentia
1423 2841 1472 2901 ea,
1497 2841 1560 2904 que

365 2928 448 2992 inter
470 2929 557 3012 ipsos
579 2934 720 3011 aguntur
742 2926 775 2990 in
796 2934 952 3011 tempore,
974 2947 1017 2989 ne
1040 2946 1099 3010 per
1121 2923 1316 2989 oblivionem
1339 2922 1515 2988 humanam
1541 2945 1561 2987 a

365 3032 520 3096 memoria
547 3029 641 3095 simul
663 3028 813 3094 labantur
836 3052 911 3095 cum
935 3040 1089 3115 tempore,
1115 3030 1243 3114 seriptis
1264 3027 1407 3114 providit
1427 3049 1467 3091 ac
1490 3048 1561 3113 pro·

367 3133 482 3200 borum
504 3137 648 3200 virorum
669 3135 849 3198 testimonio
873 3133 1076 3215 confirmare,
1104 3154 1240 3218 quorum
1263 3153 1320 3197 nos
1344 3133 1483 3218 vestigia
1507 3131 1560 3196 ob·

364 3247 531 3303 servantes
554 3237 702 3303 omnibus
723 3238 951 3302 innotescimus
974 3235 1059 3301 hanc
1081 3236 1220 3302 litteram
1243 3237 1447 3321 inspecturis,
1470 3233 1556 3321 quod

366 3342 561 3407 venerabilis
589 3343 770 3428 prepositus
798 3350 831 3406 et
857 3351 1034 3407 conventus
1062 3340 1103 3405 de
1126 3339 1331 3406 Osterhoueu
1353 3339 1559 3425 predecesso

365 3469 437 3511 rum
467 3456 648 3511 nostrorum
678 3445 877 3531 temporibus
906 3447 1074 3531 utriusque
1105 3444 1242 3510 ecclesie
1273 3444 1477 3509 considerata
1503 3444 1560 3508 uu·-

364 3551 453 3617 Iitate
483 3553 606 3617 curiam
635 3573 728 3617 suam
757 3550 846 3638 apud
868 3550 1005 3617 Chreme
1032 3574 1107 3617 eum
1131 3550 1279 3617 omnibus
1302 3551 1485 3633 attinentiis,
1515 3550 1559 3614 ri·

368 3658 450 3721 netis
473 3666 505 3721 et
527 3657 612 3742 agris
632 3678 652 3720 a
673 3656 806 3721 decimis
822 3655 915 3721 nobis
931 3656 1006 3721 inde
1021 3658 1214 3742 provenire·
1237 3655 1343 3720 taliter
1358 3664 1559 3736 exemerunt,

365 3759 452 3846 qnod
475 3760 595 3845 villam,
618 3782 681 3846 que
704 3763 850 3845 superior
865 3759 1023 3826 Vuchou¹
1046 3760 1173 3845 dicitur,
1195 3769 1304 3824 nostre
1327 3758 1464 3824 ecclesie
1488 3779 1561 3822 con·

366 3863 507 3929 tulerunt
529 3867 562 3929 in
584 3867 918 3951 recompensationem
939 3864 1159 3950 predictarum
1182 3863 1381 3928 decimarum
1403 3870 1561 3948 perpetuo

368 3968 600 4054 possidendam
626 3971 671 4034 ita
698 3980 817 4054 tamen,
845 3979 882 4035 ut
904 3968 1037 4033 dimidia
1060 3967 1199 4033 carrada
1221 3969 1288 4033 vini
1310 3966 1403 4032 nohis
1426 3966 1468 4031 de
1491 3988 1562 4052 pre·

365 4073 466 4139 libata
494 4077 584 4140 curie
611 4076 704 4140 annis
732 4074 866 4161 singulis
893 4073 1096 4161 persolvatur
1118 4094 1241 4160 nosque
1264 4073 1341 4158 ipsis
1363 4074 1398 4136 in
1421 4071 1563 4157 eqnipol-

365 4299 430 4356 lto.
469 4313 483 4337 ⁸
501 4305 540 4354 Zu
559 4307 692 4370 ergtnzen
710 4303 865 4367 detersione,
883 4302 998 4354 welches
1016 4303 1045 4352 in
1062 4303 1085 4353 B
1104 4301 1174 4353 noch
1191 4300 1332 4367 eingefugr
1349 4301 1391 4350 ist.

470 4426 677 4478 ¹Ober·Fucha
703 4427 807 4477 kommt
833 4426 891 4477 hier
918 4440 978 4475 zum
1006 4424 1166 4475 erstenmule
1197 4439 1257 4473 zum
1285 4420 1482 4473 Unterschiede
1511 4438 1571 4473 rou

365 4513 598 4576 Nicdern·Fucha‚
620 4514 702 4565 haute
720 4512 900 4564 Tietenfucha
922 4513 1051 4574 benaunt,
1069 4527 1126 4573 vor,
1148 4509 1227 4562 beide
1245 4509 1340 4560 ostlich
1358 4524 1411 4559 von
1430 4508 1573 4577 Gottweig

365 4602 401 4650 im
425 4600 500 4653 G.·B.
523 4603 657 4666 hiantem,
679 4602 712 4652 V.
731 4603 763 4653 0.
782 4601 823 4652 W.
843 4601 894 4662 W„
916 4598 1040 4667 gelegen.
1075 4598 1198 4650 Ersteres
1218 4597 1310 4648 ilthrte
1332 4598 1369 4646 im
1393 4595 1484 4647 Urbar
1510 4612 1573 4648 von

368 4688 434 4737 1302
463 4686 563 4754 (Urbar
583 4687 617 4752 A)
645 4687 697 4738 deu
724 4687 829 4737 Numen
856 4686 935 4738 crida
960 4681 1083 4748 ummo,
1111 4688 1201 4751 spiter
1228 4683 1297 4734 auch
1325 4682 1424 4733 durren
1448 4677 1575 4735 Mau
