<?xml version="1.0" encoding="UTF-8"?>
<!DOCTYPE html PUBLIC "-//W3C//DTD XHTML 1.0 Transitional//EN"
    "http://www.w3.org/TR/xhtml1/DTD/xhtml1-transitional.dtd">
<html xmlns="http://www.w3.org/1999/xhtml" xml:lang="en" lang="en">
 <head>
  <title>
</title>
<meta http-equiv="Content-Type" content="text/html;charset=utf-8" />
  <meta name='ocr-system' content='tesseract 3.04.00' />
  <meta name='ocr-capabilities' content='ocr_page ocr_carea ocr_par ocr_line ocrx_word'/>
</head>
<body>
  <div class='ocr_page' id='page_1' title='image "./fontesrerumaust01unkngoog_0821.png"; bbox 0 0 3400 5350; ppageno 0'>
   <div class='ocr_carea' id='block_1_1' title="bbox 380 385 443 449">
    <p class='ocr_par' dir='ltr' id='par_1_1' title="bbox 380 385 443 449">
     <span class='ocr_line' id='line_1_1' title="bbox 380 385 443 449; baseline 0.016 -1"><span class='ocrx_word' id='word_1_1' title='bbox 380 385 443 449; x_wconf 77' lang='lat'>796</span> 
     </span>
    </p>
   </div>
   <div class='ocr_carea' id='block_1_2' title="bbox 376 577 1594 667">
    <p class='ocr_par' dir='ltr' id='par_1_2' title="bbox 376 577 1594 667">
     <span class='ocr_line' id='line_1_2' title="bbox 376 577 1594 667; baseline 0.001 -23"><span class='ocrx_word' id='word_1_2' title='bbox 376 580 578 644; x_wconf 86' lang='lat' dir='ltr'>Pataviensis</span> <span class='ocrx_word' id='word_1_3' title='bbox 601 577 739 644; x_wconf 89' lang='lat' dir='ltr'>diocesis</span> <span class='ocrx_word' id='word_1_4' title='bbox 761 578 923 645; x_wconf 78' lang='lat' dir='ltr'>antedicta</span> <span class='ocrx_word' id='word_1_5' title='bbox 944 589 1148 666; x_wconf 68' lang='lat' dir='ltr'><strong>presentatus</strong></span> <span class='ocrx_word' id='word_1_6' title='bbox 1169 603 1228 645; x_wconf 90' lang='lat' dir='ltr'>nos</span> <span class='ocrx_word' id='word_1_7' title='bbox 1252 604 1325 646; x_wconf 91' lang='lat' dir='ltr'>cum</span> <span class='ocrx_word' id='word_1_8' title='bbox 1348 604 1399 664; x_wconf 88' lang='lat' dir='ltr'>ea,</span> <span class='ocrx_word' id='word_1_9' title='bbox 1433 603 1506 667; x_wconf 89' lang='lat' dir='ltr'>qna</span> <span class='ocrx_word' id='word_1_10' title='bbox 1532 579 1594 645; x_wconf 75' lang='lat' dir='ltr'>de·</span> 
     </span>
    </p>
   </div>
   <div class='ocr_carea' id='block_1_3' title="bbox 369 684 1685 4750">
    <p class='ocr_par' dir='ltr' id='par_1_3' title="bbox 369 684 1685 4750">
     <span class='ocr_line' id='line_1_3' title="bbox 378 684 1592 770; baseline 0.001 -23"><span class='ocrx_word' id='word_1_11' title='bbox 378 684 452 766; x_wconf 77' lang='lat' dir='ltr'>cuit,</span> <span class='ocrx_word' id='word_1_12' title='bbox 483 685 666 748; x_wconf 86' lang='lat' dir='ltr'>reverentia</span> <span class='ocrx_word' id='word_1_13' title='bbox 695 686 858 770; x_wconf 76' lang='lat' dir='ltr'>recepisse</span> <span class='ocrx_word' id='word_1_14' title='bbox 886 686 1041 750; x_wconf 88' lang='lat' dir='ltr'>noveritis</span> <span class='ocrx_word' id='word_1_15' title='bbox 1070 707 1130 770; x_wconf 91' lang='lat' dir='ltr'>per</span> <span class='ocrx_word' id='word_1_16' title='bbox 1159 687 1267 751; x_wconf 91' lang='lat' dir='ltr'>omnia</span> <span class='ocrx_word' id='word_1_17' title='bbox 1295 687 1328 750; x_wconf 91' lang='lat' dir='ltr'>in</span> <span class='ocrx_word' id='word_1_18' title='bbox 1358 685 1420 751; x_wconf 93' lang='lat' dir='ltr'>bec</span> <span class='ocrx_word' id='word_1_19' title='bbox 1454 685 1592 751; x_wconf 87' lang='lat' dir='ltr'>verba:</span> 
     </span>
     <span class='ocr_line' id='line_1_4' title="bbox 375 786 1593 876; baseline 0.002 -24"><span class='ocrx_word' id='word_1_20' title='bbox 375 786 454 871; x_wconf 71' lang='lat' dir='ltr'>folpt</span> <span class='ocrx_word' id='word_1_21' title='bbox 476 787 617 853; x_wconf 77' lang='lat' dir='ltr'>wdrtlicb</span> <span class='ocrx_word' id='word_1_22' title='bbox 637 789 785 854; x_wconf 55' lang='lat' dir='ltr'>iucem</span> <span class='ocrx_word' id='word_1_23' title='bbox 806 811 857 853; x_wconf 83' lang='lat' dir='ltr'>ur.</span> <span class='ocrx_word' id='word_1_24' title='bbox 872 794 946 855; x_wconf 85' lang='grc'><strong><em>860.</em></strong></span> <span class='ocrx_word' id='word_1_25' title='bbox 980 789 1058 855; x_wconf 85' lang='lat' dir='ltr'><strong>Post</strong></span> <span class='ocrx_word' id='word_1_26' title='bbox 1080 812 1217 876; x_wconf 86' lang='lat' dir='ltr'>quarum</span> <span class='ocrx_word' id='word_1_27' title='bbox 1240 789 1370 876; x_wconf 88' lang='lat' dir='ltr'>quidem</span> <span class='ocrx_word' id='word_1_28' title='bbox 1392 790 1593 855; x_wconf 74' lang='lat' dir='ltr'>litterarum</span> 
     </span>
     <span class='ocr_line' id='line_1_5' title="bbox 377 892 1592 982; baseline 0.002 -25"><span class='ocrx_word' id='word_1_29' title='bbox 377 892 624 978; x_wconf 87' lang='lat' dir='ltr'>apostolicarum</span> <span class='ocrx_word' id='word_1_30' title='bbox 654 896 923 979; x_wconf 70' lang='lat' dir='ltr'>presentationem</span> <span class='ocrx_word' id='word_1_31' title='bbox 955 904 987 959; x_wconf 91' lang='lat' dir='ltr'>et</span> <span class='ocrx_word' id='word_1_32' title='bbox 1008 897 1234 982; x_wconf 89' lang='lat' dir='ltr'>recepcionem</span> <span class='ocrx_word' id='word_1_33' title='bbox 1256 895 1374 960; x_wconf 87' lang='lat' dir='ltr'>fuimus</span> <span class='ocrx_word' id='word_1_34' title='bbox 1397 918 1459 981; x_wconf 89' lang='lat' dir='ltr'>pro</span> <span class='ocrx_word' id='word_1_35' title='bbox 1483 908 1592 981; x_wconf 81' lang='lat' dir='ltr'>parte</span> 
     </span>
     <span class='ocr_line' id='line_1_6' title="bbox 377 996 1591 1082; baseline 0.004 -23"><span class='ocrx_word' id='word_1_36' title='bbox 377 999 670 1082; x_wconf 84' lang='lat' dir='ltr'>prenominatorum</span> <span class='ocrx_word' id='word_1_37' title='bbox 699 996 826 1062; x_wconf 90' lang='lat' dir='ltr'>abbatis</span> <span class='ocrx_word' id='word_1_38' title='bbox 857 1008 890 1063; x_wconf 88' lang='lat' dir='ltr'>et</span> <span class='ocrx_word' id='word_1_39' title='bbox 919 1009 1097 1063; x_wconf 87' lang='lat' dir='ltr'>conventus</span> <span class='ocrx_word' id='word_1_40' title='bbox 1127 1002 1311 1064; x_wconf 87' lang='lat' dir='ltr'>monasterii</span> <span class='ocrx_word' id='word_1_41' title='bbox 1341 1001 1374 1064; x_wconf 93' lang='lat' dir='ltr'>in</span> <span class='ocrx_word' id='word_1_42' title='bbox 1404 998 1591 1065; x_wconf 76' lang='lat' dir='ltr'>Obdtwico</span> 
     </span>
     <span class='ocr_line' id='line_1_7' title="bbox 377 1099 1589 1191; baseline 0.004 -28"><span class='ocrx_word' id='word_1_43' title='bbox 377 1099 540 1165; x_wconf 89' lang='lat' dir='ltr'>humiliter</span> <span class='ocrx_word' id='word_1_44' title='bbox 568 1123 643 1167; x_wconf 92' lang='lat' dir='ltr'>cum</span> <span class='ocrx_word' id='word_1_45' title='bbox 666 1101 777 1168; x_wconf 86' lang='lat' dir='ltr'>debita</span> <span class='ocrx_word' id='word_1_46' title='bbox 798 1105 957 1168; x_wconf 83' lang='lat' dir='ltr'>instancia</span> <span class='ocrx_word' id='word_1_47' title='bbox 978 1105 1132 1190; x_wconf 83' lang='lat' dir='ltr'>requisiti,</span> <span class='ocrx_word' id='word_1_48' title='bbox 1156 1115 1314 1191; x_wconf 91' lang='lat' dir='ltr'>quatenus</span> <span class='ocrx_word' id='word_1_49' title='bbox 1336 1103 1379 1169; x_wconf 89' lang='lat' dir='ltr'>ed</span> <span class='ocrx_word' id='word_1_50' title='bbox 1402 1107 1589 1170; x_wconf 72' lang='lat' dir='ltr'>execucic</span> 
     </span>
     <span class='ocr_line' id='line_1_8' title="bbox 379 1205 1589 1296; baseline 0.003 -27"><span class='ocrx_word' id='word_1_51' title='bbox 379 1227 454 1270; x_wconf 92' lang='lat' dir='ltr'>nem</span> <span class='ocrx_word' id='word_1_52' title='bbox 482 1205 641 1273; x_wconf 87' lang='lat' dir='ltr'>dictarum</span> <span class='ocrx_word' id='word_1_53' title='bbox 669 1206 848 1274; x_wconf 88' lang='lat' dir='ltr'>litterarum</span> <span class='ocrx_word' id='word_1_54' title='bbox 877 1209 1124 1295; x_wconf 88' lang='lat' dir='ltr'>apostolicarum</span> <span class='ocrx_word' id='word_1_55' title='bbox 1151 1208 1329 1296; x_wconf 85' lang='lat' dir='ltr'>procedere</span> <span class='ocrx_word' id='word_1_56' title='bbox 1352 1208 1589 1295; x_wconf 79' lang='lat' dir='ltr'>dignaremur,</span> 
     </span>
     <span class='ocr_line' id='line_1_9' title="bbox 378 1309 1586 1399; baseline 0.003 -26"><span class='ocrx_word' id='word_1_57' title='bbox 378 1312 470 1375; x_wconf 83' lang='lat' dir='ltr'>iuxta</span> <span class='ocrx_word' id='word_1_58' title='bbox 498 1309 650 1375; x_wconf 83' lang='lat' dir='ltr'>traditam</span> <span class='ocrx_word' id='word_1_59' title='bbox 680 1333 739 1377; x_wconf 93' lang='lat' dir='ltr'>seu</span> <span class='ocrx_word' id='word_1_60' title='bbox 769 1312 927 1379; x_wconf 85' lang='lat' dir='ltr'>directam</span> <span class='ocrx_word' id='word_1_61' title='bbox 956 1337 976 1378; x_wconf 89' lang='lat' dir='ltr'>a</span> <span class='ocrx_word' id='word_1_62' title='bbox 1006 1312 1085 1378; x_wconf 88' lang='lat' dir='ltr'>sede</span> <span class='ocrx_word' id='word_1_63' title='bbox 1112 1313 1286 1399; x_wconf 85' lang='lat' dir='ltr'>apostolica</span> <span class='ocrx_word' id='word_1_64' title='bbox 1308 1312 1401 1379; x_wconf 90' lang='lat' dir='ltr'>nobis</span> <span class='ocrx_word' id='word_1_65' title='bbox 1423 1315 1586 1378; x_wconf 76' lang='lat' dir='ltr'>formam.</span> 
     </span>
     <span class='ocr_line' id='line_1_10' title="bbox 378 1415 1590 1504; baseline 0.002 -25"><span class='ocrx_word' id='word_1_66' title='bbox 378 1415 447 1479; x_wconf 91' lang='lat' dir='ltr'>Nos</span> <span class='ocrx_word' id='word_1_67' title='bbox 468 1417 565 1500; x_wconf 77' lang='lat' dir='ltr'>igitir</span> <span class='ocrx_word' id='word_1_68' title='bbox 588 1415 761 1502; x_wconf 81' lang='lat' dir='ltr'>Gerungus</span> <span class='ocrx_word' id='word_1_69' title='bbox 784 1427 941 1483; x_wconf 83' lang='lat' dir='ltr'>executor</span> <span class='ocrx_word' id='word_1_70' title='bbox 962 1417 1106 1504; x_wconf 85' lang='lat' dir='ltr'>prefatus</span> <span class='ocrx_word' id='word_1_71' title='bbox 1129 1417 1273 1484; x_wconf 88' lang='lat' dir='ltr'>volentes</span> <span class='ocrx_word' id='word_1_72' title='bbox 1288 1416 1473 1483; x_wconf 90' lang='lat' dir='ltr'>huiusmodi</span> <span class='ocrx_word' id='word_1_73' title='bbox 1488 1441 1590 1482; x_wconf 88' lang='lat' dir='ltr'>man-</span> 
     </span>
     <span class='ocr_line' id='line_1_11' title="bbox 380 1519 1589 1608; baseline 0.002 -24"><span class='ocrx_word' id='word_1_74' title='bbox 380 1519 491 1584; x_wconf 88' lang='lat' dir='ltr'>datum</span> <span class='ocrx_word' id='word_1_75' title='bbox 513 1519 686 1605; x_wconf 86' lang='lat' dir='ltr'>apostolice</span> <span class='ocrx_word' id='word_1_76' title='bbox 701 1531 890 1587; x_wconf 83' lang='lat' dir='ltr'>reverenter</span> <span class='ocrx_word' id='word_1_77' title='bbox 905 1523 1033 1608; x_wconf 84' lang='lat' dir='ltr'>exequi,</span> <span class='ocrx_word' id='word_1_78' title='bbox 1057 1534 1092 1587; x_wconf 88' lang='lat' dir='ltr'>ut</span> <span class='ocrx_word' id='word_1_79' title='bbox 1107 1533 1255 1588; x_wconf 90' lang='lat' dir='ltr'>tenemur</span> <span class='ocrx_word' id='word_1_80' title='bbox 1269 1525 1459 1589; x_wconf 86' lang='lat' dir='ltr'>auctoritate</span> <span class='ocrx_word' id='word_1_81' title='bbox 1477 1521 1589 1586; x_wconf 82' lang='lat' dir='ltr'>dieta·</span> 
     </span>
     <span class='ocr_line' id='line_1_12' title="bbox 379 1623 1586 1711; baseline 0.002 -23"><span class='ocrx_word' id='word_1_82' title='bbox 379 1647 451 1689; x_wconf 90' lang='lat' dir='ltr'>rum</span> <span class='ocrx_word' id='word_1_83' title='bbox 473 1623 650 1689; x_wconf 86' lang='lat' dir='ltr'>litterarum</span> <span class='ocrx_word' id='word_1_84' title='bbox 672 1626 921 1711; x_wconf 87' lang='lat' dir='ltr'>apostolicarum</span> <span class='ocrx_word' id='word_1_85' title='bbox 939 1626 1032 1692; x_wconf 90' lang='lat' dir='ltr'>nobis</span> <span class='ocrx_word' id='word_1_86' title='bbox 1048 1626 1253 1711; x_wconf 89' lang='lat' dir='ltr'>directarum,</span> <span class='ocrx_word' id='word_1_87' title='bbox 1274 1626 1366 1692; x_wconf 89' lang='lat' dir='ltr'>vobis</span> <span class='ocrx_word' id='word_1_88' title='bbox 1382 1626 1527 1691; x_wconf 88' lang='lat' dir='ltr'>dominis</span> <span class='ocrx_word' id='word_1_89' title='bbox 1544 1649 1586 1691; x_wconf 90' lang='lat' dir='ltr'>ac</span> 
     </span>
     <span class='ocr_line' id='line_1_13' title="bbox 379 1728 1583 1817; baseline 0.002 -25"><span class='ocrx_word' id='word_1_90' title='bbox 379 1728 527 1793; x_wconf 85' lang='lat' dir='ltr'>omnibus</span> <span class='ocrx_word' id='word_1_91' title='bbox 556 1728 625 1794; x_wconf 87' lang='lat' dir='ltr'>aliis</span> <span class='ocrx_word' id='word_1_92' title='bbox 655 1740 687 1794; x_wconf 94' lang='lat' dir='ltr'>et</span> <span class='ocrx_word' id='word_1_93' title='bbox 716 1730 849 1817; x_wconf 83' lang='lat' dir='ltr'>singulis</span> <span class='ocrx_word' id='word_1_94' title='bbox 880 1730 1033 1817; x_wconf 82' lang='lat' dir='ltr'>predictis</span> <span class='ocrx_word' id='word_1_95' title='bbox 1062 1735 1095 1796; x_wconf 91' lang='lat' dir='ltr'>in</span> <span class='ocrx_word' id='word_1_96' title='bbox 1123 1734 1240 1797; x_wconf 88' lang='lat' dir='ltr'>virtute</span> <span class='ocrx_word' id='word_1_97' title='bbox 1264 1754 1356 1797; x_wconf 88' lang='lat' dir='ltr'>sacre</span> <span class='ocrx_word' id='word_1_98' title='bbox 1378 1731 1583 1796; x_wconf 82' lang='lat' dir='ltr'>obediencie</span> 
     </span>
     <span class='ocr_line' id='line_1_14' title="bbox 381 1833 1584 1922; baseline 0.002 -25"><span class='ocrx_word' id='word_1_99' title='bbox 381 1843 413 1898; x_wconf 92' lang='lat' dir='ltr'>et</span> <span class='ocrx_word' id='word_1_100' title='bbox 435 1833 494 1898; x_wconf 91' lang='lat' dir='ltr'>sub</span> <span class='ocrx_word' id='word_1_101' title='bbox 518 1837 863 1905; x_wconf 69' lang='lat' dir='ltr'>excommunicacionis</span> <span class='ocrx_word' id='word_1_102' title='bbox 886 1858 980 1921; x_wconf 87' lang='lat' dir='ltr'>pena,</span> <span class='ocrx_word' id='word_1_103' title='bbox 1005 1858 1100 1922; x_wconf 92' lang='lat' dir='ltr'>quam</span> <span class='ocrx_word' id='word_1_104' title='bbox 1126 1839 1158 1900; x_wconf 91' lang='lat' dir='ltr'>in</span> <span class='ocrx_word' id='word_1_105' title='bbox 1181 1859 1240 1901; x_wconf 87' lang='lat' dir='ltr'>vos</span> <span class='ocrx_word' id='word_1_106' title='bbox 1256 1858 1367 1902; x_wconf 91' lang='lat' dir='ltr'>omnes</span> <span class='ocrx_word' id='word_1_107' title='bbox 1382 1847 1415 1902; x_wconf 92' lang='lat' dir='ltr'>et</span> <span class='ocrx_word' id='word_1_108' title='bbox 1429 1836 1584 1920; x_wconf 78' lang='lat' dir='ltr'>singulos</span> 
     </span>
     <span class='ocr_line' id='line_1_15' title="bbox 381 1938 1585 2025; baseline 0.002 -23"><span class='ocrx_word' id='word_1_109' title='bbox 381 1938 525 2003; x_wconf 89' lang='lat' dir='ltr'>dominos</span> <span class='ocrx_word' id='word_1_110' title='bbox 554 1939 716 2025; x_wconf 87' lang='lat' dir='ltr'>predictos</span> <span class='ocrx_word' id='word_1_111' title='bbox 746 1944 918 2005; x_wconf 87' lang='lat' dir='ltr'>terminum</span> <span class='ocrx_word' id='word_1_112' title='bbox 947 1942 1045 2006; x_wconf 84' lang='lat' dir='ltr'>trium</span> <span class='ocrx_word' id='word_1_113' title='bbox 1067 1940 1193 2006; x_wconf 87' lang='lat' dir='ltr'>dierum</span> <span class='ocrx_word' id='word_1_114' title='bbox 1217 1944 1372 2006; x_wconf 86' lang='lat' dir='ltr'>canonice</span> <span class='ocrx_word' id='word_1_115' title='bbox 1393 1942 1585 2006; x_wconf 84' lang='lat' dir='ltr'>municione</span> 
     </span>
     <span class='ocr_line' id='line_1_16' title="bbox 381 2044 1584 2132; baseline 0.002 -25"><span class='ocrx_word' id='word_1_116' title='bbox 381 2045 547 2128; x_wconf 87' lang='lat' dir='ltr'>premissa,</span> <span class='ocrx_word' id='word_1_117' title='bbox 570 2046 632 2109; x_wconf 89' lang='lat' dir='ltr'>nisi</span> <span class='ocrx_word' id='word_1_118' title='bbox 653 2045 794 2110; x_wconf 87' lang='lat' dir='ltr'>feceritis</span> <span class='ocrx_word' id='word_1_119' title='bbox 817 2056 946 2111; x_wconf 90' lang='lat' dir='ltr'>etcum</span> <span class='ocrx_word' id='word_1_120' title='bbox 969 2046 1086 2111; x_wconf 85' lang='lat' dir='ltr'>effectu</span> <span class='ocrx_word' id='word_1_121' title='bbox 1109 2044 1371 2131; x_wconf 82' lang='lat' dir='ltr'>adimpleveritis,</span> <span class='ocrx_word' id='word_1_122' title='bbox 1395 2067 1460 2132; x_wconf 87' lang='lat' dir='ltr'>que</span> <span class='ocrx_word' id='word_1_123' title='bbox 1483 2045 1584 2109; x_wconf 87' lang='lat' dir='ltr'>vobis</span> 
     </span>
     <span class='ocr_line' id='line_1_17' title="bbox 381 2149 1584 2237; baseline 0.003 -26"><span class='ocrx_word' id='word_1_124' title='bbox 381 2149 586 2235; x_wconf 85' lang='lat' dir='ltr'>iniungimus,</span> <span class='ocrx_word' id='word_1_125' title='bbox 611 2150 783 2215; x_wconf 85' lang='lat' dir='ltr'>fecerimus</span> <span class='ocrx_word' id='word_1_126' title='bbox 805 2150 839 2215; x_wconf 92' lang='lat' dir='ltr'>in</span> <span class='ocrx_word' id='word_1_127' title='bbox 861 2150 922 2215; x_wconf 84' lang='lat' dir='ltr'>biis</span> <span class='ocrx_word' id='word_1_128' title='bbox 945 2152 1083 2236; x_wconf 88' lang='lat' dir='ltr'>scriptis,</span> <span class='ocrx_word' id='word_1_129' title='bbox 1106 2149 1248 2216; x_wconf 64' lang='lat' dir='ltr'>districte</span> <span class='ocrx_word' id='word_1_130' title='bbox 1268 2150 1478 2237; x_wconf 88' lang='lat' dir='ltr'>precipiendo</span> <span class='ocrx_word' id='word_1_131' title='bbox 1494 2172 1584 2215; x_wconf 91' lang='lat' dir='ltr'>com·</span> 
     </span>
     <span class='ocr_line' id='line_1_18' title="bbox 382 2255 1582 2342; baseline 0.002 -23"><span class='ocrx_word' id='word_1_132' title='bbox 382 2255 534 2319; x_wconf 90' lang='lat' dir='ltr'>mittimus</span> <span class='ocrx_word' id='word_1_133' title='bbox 546 2265 579 2319; x_wconf 89' lang='lat' dir='ltr'>et</span> <span class='ocrx_word' id='word_1_134' title='bbox 590 2255 790 2339; x_wconf 90' lang='lat' dir='ltr'>mandamus,</span> <span class='ocrx_word' id='word_1_135' title='bbox 807 2266 966 2342; x_wconf 89' lang='lat' dir='ltr'>quatenus</span> <span class='ocrx_word' id='word_1_136' title='bbox 984 2279 1093 2322; x_wconf 90' lang='lat' dir='ltr'>omnes</span> <span class='ocrx_word' id='word_1_137' title='bbox 1111 2267 1143 2321; x_wconf 93' lang='lat' dir='ltr'>et</span> <span class='ocrx_word' id='word_1_138' title='bbox 1159 2256 1300 2342; x_wconf 88' lang='lat' dir='ltr'>singulos</span> <span class='ocrx_word' id='word_1_139' title='bbox 1318 2255 1441 2321; x_wconf 89' lang='lat' dir='ltr'>nobiles</span> <span class='ocrx_word' id='word_1_140' title='bbox 1458 2256 1582 2322; x_wconf 89' lang='lat' dir='ltr'>milites</span> 
     </span>
     <span class='ocr_line' id='line_1_19' title="bbox 381 2359 1582 2448; baseline 0.004 -26"><span class='ocrx_word' id='word_1_141' title='bbox 381 2359 557 2444; x_wconf 85' lang='lat' dir='ltr'>armigeros</span> <span class='ocrx_word' id='word_1_142' title='bbox 578 2359 711 2425; x_wconf 89' lang='lat' dir='ltr'>clientes</span> <span class='ocrx_word' id='word_1_143' title='bbox 729 2372 761 2425; x_wconf 88' lang='lat' dir='ltr'>et</span> <span class='ocrx_word' id='word_1_144' title='bbox 775 2359 874 2426; x_wconf 90' lang='lat' dir='ltr'>laicos</span> <span class='ocrx_word' id='word_1_145' title='bbox 890 2371 923 2427; x_wconf 90' lang='lat' dir='ltr'>et</span> <span class='ocrx_word' id='word_1_146' title='bbox 937 2361 1018 2426; x_wconf 87' lang='lat' dir='ltr'>alias</span> <span class='ocrx_word' id='word_1_147' title='bbox 1033 2364 1199 2447; x_wconf 82' lang='lat' dir='ltr'>utriusque</span> <span class='ocrx_word' id='word_1_148' title='bbox 1215 2383 1314 2427; x_wconf 84' lang='lat' dir='ltr'>sexus</span> <span class='ocrx_word' id='word_1_149' title='bbox 1328 2361 1484 2445; x_wconf 90' lang='lat' dir='ltr'>homines,</span> <span class='ocrx_word' id='word_1_150' title='bbox 1509 2365 1582 2448; x_wconf 89' lang='lat' dir='ltr'>qui-</span> 
     </span>
     <span class='ocr_line' id='line_1_20' title="bbox 383 2463 1584 2553; baseline 0.003 -26"><span class='ocrx_word' id='word_1_151' title='bbox 383 2463 583 2550; x_wconf 89' lang='lat' dir='ltr'>buscumque</span> <span class='ocrx_word' id='word_1_152' title='bbox 610 2464 791 2529; x_wconf 88' lang='lat' dir='ltr'>nominibus</span> <span class='ocrx_word' id='word_1_153' title='bbox 818 2476 1011 2531; x_wconf 89' lang='lat' dir='ltr'>censeantur</span> <span class='ocrx_word' id='word_1_154' title='bbox 1037 2487 1095 2530; x_wconf 89' lang='lat' dir='ltr'>seu</span> <span class='ocrx_word' id='word_1_155' title='bbox 1122 2487 1326 2553; x_wconf 88' lang='lat' dir='ltr'>quacumque</span> <span class='ocrx_word' id='word_1_156' title='bbox 1352 2468 1584 2551; x_wconf 86' lang='lat' dir='ltr'>preemineant</span> 
     </span>
     <span class='ocr_line' id='line_1_21' title="bbox 382 2567 1581 2656; baseline 0.003 -24"><span class='ocrx_word' id='word_1_157' title='bbox 382 2569 450 2632; x_wconf 87' lang='lat' dir='ltr'>sive</span> <span class='ocrx_word' id='word_1_158' title='bbox 473 2568 676 2654; x_wconf 86' lang='lat' dir='ltr'>prefulgeant</span> <span class='ocrx_word' id='word_1_159' title='bbox 698 2567 853 2654; x_wconf 82' lang='lat' dir='ltr'>dignitate</span> <span class='ocrx_word' id='word_1_160' title='bbox 876 2592 934 2635; x_wconf 91' lang='lat' dir='ltr'>seu</span> <span class='ocrx_word' id='word_1_161' title='bbox 957 2579 1125 2656; x_wconf 89' lang='lat' dir='ltr'>potestate,</span> <span class='ocrx_word' id='word_1_162' title='bbox 1148 2571 1203 2656; x_wconf 91' lang='lat' dir='ltr'>qui</span> <span class='ocrx_word' id='word_1_163' title='bbox 1224 2568 1317 2635; x_wconf 89' lang='lat' dir='ltr'>vobis</span> <span class='ocrx_word' id='word_1_164' title='bbox 1338 2592 1396 2634; x_wconf 92' lang='lat' dir='ltr'>seu</span> <span class='ocrx_word' id='word_1_165' title='bbox 1411 2569 1506 2635; x_wconf 89' lang='lat' dir='ltr'>alteri</span> <span class='ocrx_word' id='word_1_166' title='bbox 1523 2595 1581 2637; x_wconf 75' lang='lat' dir='ltr'>ve</span> 
     </span>
     <span class='ocr_line' id='line_1_22' title="bbox 382 2673 1581 2759; baseline 0.003 -21"><span class='ocrx_word' id='word_1_167' title='bbox 382 2684 484 2739; x_wconf 92' lang='lat' dir='ltr'>strum</span> <span class='ocrx_word' id='word_1_168' title='bbox 499 2695 558 2759; x_wconf 92' lang='lat' dir='ltr'>per</span> <span class='ocrx_word' id='word_1_169' title='bbox 580 2677 713 2739; x_wconf 90' lang='lat' dir='ltr'>nuncios</span> <span class='ocrx_word' id='word_1_170' title='bbox 733 2675 853 2740; x_wconf 90' lang='lat' dir='ltr'>iuratos</span> <span class='ocrx_word' id='word_1_171' title='bbox 876 2685 909 2740; x_wconf 91' lang='lat' dir='ltr'>et</span> <span class='ocrx_word' id='word_1_172' title='bbox 930 2673 1044 2740; x_wconf 90' lang='lat' dir='ltr'>fideles</span> <span class='ocrx_word' id='word_1_173' title='bbox 1060 2674 1262 2741; x_wconf 88' lang='lat' dir='ltr'>dominorum</span> <span class='ocrx_word' id='word_1_174' title='bbox 1276 2674 1429 2741; x_wconf 85' lang='lat' dir='ltr'>Iohannis</span> <span class='ocrx_word' id='word_1_175' title='bbox 1444 2674 1581 2742; x_wconf 87' lang='lat' dir='ltr'>abbatis</span> 
     </span>
     <span class='ocr_line' id='line_1_23' title="bbox 382 2779 1582 2866; baseline 0.002 -22"><span class='ocrx_word' id='word_1_176' title='bbox 382 2789 415 2844; x_wconf 87' lang='lat' dir='ltr'>et</span> <span class='ocrx_word' id='word_1_177' title='bbox 434 2789 610 2844; x_wconf 86' lang='lat' dir='ltr'>conventus</span> <span class='ocrx_word' id='word_1_178' title='bbox 629 2781 663 2844; x_wconf 93' lang='lat' dir='ltr'>in</span> <span class='ocrx_word' id='word_1_179' title='bbox 675 2779 842 2844; x_wconf 80' lang='lat' dir='ltr'>detwicc</span> <span class='ocrx_word' id='word_1_180' title='bbox 857 2780 1076 2866; x_wconf 89' lang='lat' dir='ltr'>predictorum</span> <span class='ocrx_word' id='word_1_181' title='bbox 1091 2781 1211 2846; x_wconf 81' lang='lat' dir='ltr'>fuerint</span> <span class='ocrx_word' id='word_1_182' title='bbox 1224 2782 1378 2846; x_wconf 87' lang='lat' dir='ltr'>nominati</span> <span class='ocrx_word' id='word_1_183' title='bbox 1393 2782 1461 2845; x_wconf 87' lang='lat' dir='ltr'>sive</span> <span class='ocrx_word' id='word_1_184' title='bbox 1478 2780 1582 2846; x_wconf 85' lang='lat' dir='ltr'>fuerit</span> 
     </span>
     <span class='ocr_line' id='line_1_24' title="bbox 382 2883 1580 2972; baseline 0.003 -24"><span class='ocrx_word' id='word_1_185' title='bbox 382 2885 564 2949; x_wconf 86' lang='lat' dir='ltr'>nominatus</span> <span class='ocrx_word' id='word_1_186' title='bbox 593 2894 625 2949; x_wconf 90' lang='lat' dir='ltr'>et</span> <span class='ocrx_word' id='word_1_187' title='bbox 655 2885 710 2971; x_wconf 89' lang='lat' dir='ltr'>qui</span> <span class='ocrx_word' id='word_1_188' title='bbox 740 2883 884 2950; x_wconf 87' lang='lat' dir='ltr'>decimas</span> <span class='ocrx_word' id='word_1_189' title='bbox 913 2886 1069 2972; x_wconf 87' lang='lat' dir='ltr'>primitias</span> <span class='ocrx_word' id='word_1_190' title='bbox 1098 2895 1202 2949; x_wconf 85' lang='lat' dir='ltr'>terras</span> <span class='ocrx_word' id='word_1_191' title='bbox 1224 2884 1370 2950; x_wconf 85' lang='lat' dir='ltr'>redditus</span> <span class='ocrx_word' id='word_1_192' title='bbox 1393 2907 1511 2950; x_wconf 89' lang='lat' dir='ltr'>census</span> <span class='ocrx_word' id='word_1_193' title='bbox 1535 2886 1580 2951; x_wconf 80' lang='lat' dir='ltr'>le</span> 
     </span>
     <span class='ocr_line' id='line_1_25' title="bbox 382 2988 1582 3076; baseline 0.002 -23"><span class='ocrx_word' id='word_1_194' title='bbox 382 2998 460 3074; x_wconf 82' lang='lat' dir='ltr'>gata</span> <span class='ocrx_word' id='word_1_195' title='bbox 482 2988 593 3054; x_wconf 91' lang='lat' dir='ltr'>domos</span> <span class='ocrx_word' id='word_1_196' title='bbox 615 3000 709 3074; x_wconf 87' lang='lat' dir='ltr'>prata</span> <span class='ocrx_word' id='word_1_197' title='bbox 731 3011 853 3074; x_wconf 87' lang='lat' dir='ltr'>pascua</span> <span class='ocrx_word' id='word_1_198' title='bbox 875 3011 1008 3055; x_wconf 85' lang='lat' dir='ltr'>nemora</span> <span class='ocrx_word' id='word_1_199' title='bbox 1030 2988 1215 3055; x_wconf 89' lang='lat' dir='ltr'>molendina</span> <span class='ocrx_word' id='word_1_200' title='bbox 1233 2988 1333 3054; x_wconf 83' lang='lat' dir='ltr'>blada</span> <span class='ocrx_word' id='word_1_201' title='bbox 1347 2991 1460 3054; x_wconf 84' lang='lat' dir='ltr'>etvini</span> <span class='ocrx_word' id='word_1_202' title='bbox 1478 3012 1582 3076; x_wconf 88' lang='lat' dir='ltr'>quan·</span> 
     </span>
     <span class='ocr_line' id='line_1_26' title="bbox 383 3092 1582 3179; baseline 0.001 -21"><span class='ocrx_word' id='word_1_203' title='bbox 383 3095 490 3158; x_wconf 82' lang='lat' dir='ltr'>titetes</span> <span class='ocrx_word' id='word_1_204' title='bbox 519 3094 731 3159; x_wconf 88' lang='lat' dir='ltr'>instrumenta</span> <span class='ocrx_word' id='word_1_205' title='bbox 760 3092 892 3179; x_wconf 88' lang='lat' dir='ltr'>publica</span> <span class='ocrx_word' id='word_1_206' title='bbox 922 3094 1043 3159; x_wconf 87' lang='lat' dir='ltr'>litteras</span> <span class='ocrx_word' id='word_1_207' title='bbox 1073 3096 1253 3159; x_wconf 91' lang='lat' dir='ltr'>autenticas</span> <span class='ocrx_word' id='word_1_208' title='bbox 1286 3103 1472 3159; x_wconf 86' lang='lat' dir='ltr'>sauctorum</span> <span class='ocrx_word' id='word_1_209' title='bbox 1507 3094 1582 3159; x_wconf 87' lang='lat' dir='ltr'>reli·</span> 
     </span>
     <span class='ocr_line' id='line_1_27' title="bbox 385 3195 1580 3284; baseline 0.003 -23"><span class='ocrx_word' id='word_1_210' title='bbox 385 3198 477 3283; x_wconf 85' lang='lat' dir='ltr'>quies</span> <span class='ocrx_word' id='word_1_211' title='bbox 487 3195 586 3263; x_wconf 88' lang='lat' dir='ltr'>libros</span> <span class='ocrx_word' id='word_1_212' title='bbox 601 3196 836 3264; x_wconf 87' lang='lat' dir='ltr'>ecclesiasticos</span> <span class='ocrx_word' id='word_1_213' title='bbox 852 3221 966 3264; x_wconf 87' lang='lat' dir='ltr'>eruces</span> <span class='ocrx_word' id='word_1_214' title='bbox 978 3198 1095 3263; x_wconf 82' lang='lat' dir='ltr'>culices</span> <span class='ocrx_word' id='word_1_215' title='bbox 1106 3221 1187 3263; x_wconf 85' lang='lat' dir='ltr'>vasa</span> <span class='ocrx_word' id='word_1_216' title='bbox 1197 3222 1297 3264; x_wconf 90' lang='lat' dir='ltr'>aurea</span> <span class='ocrx_word' id='word_1_217' title='bbox 1312 3208 1345 3265; x_wconf 91' lang='lat' dir='ltr'>et</span> <span class='ocrx_word' id='word_1_218' title='bbox 1358 3209 1515 3284; x_wconf 85' lang='lat' dir='ltr'>argentea</span> <span class='ocrx_word' id='word_1_219' title='bbox 1531 3223 1580 3265; x_wconf 91' lang='lat' dir='ltr'>or·</span> 
     </span>
     <span class='ocr_line' id='line_1_28' title="bbox 385 3301 1581 3391; baseline 0.002 -24"><span class='ocrx_word' id='word_1_220' title='bbox 385 3311 538 3368; x_wconf 85' lang='lat' dir='ltr'>namenta</span> <span class='ocrx_word' id='word_1_221' title='bbox 557 3301 776 3368; x_wconf 84' lang='lat' dir='ltr'>ecclesiastica</span> <span class='ocrx_word' id='word_1_222' title='bbox 796 3303 965 3369; x_wconf 88' lang='lat' dir='ltr'>domorum</span> <span class='ocrx_word' id='word_1_223' title='bbox 979 3303 1128 3368; x_wconf 87' lang='lat' dir='ltr'>utensilia</span> <span class='ocrx_word' id='word_1_224' title='bbox 1139 3325 1239 3391; x_wconf 86' lang='lat' dir='ltr'>equos</span> <span class='ocrx_word' id='word_1_225' title='bbox 1251 3303 1352 3368; x_wconf 88' lang='lat' dir='ltr'>beves</span> <span class='ocrx_word' id='word_1_226' title='bbox 1365 3325 1486 3368; x_wconf 85' lang='lat' dir='ltr'>vaccas</span> <span class='ocrx_word' id='word_1_227' title='bbox 1501 3326 1581 3369; x_wconf 84' lang='lat' dir='ltr'>oves</span> 
     </span>
     <span class='ocr_line' id='line_1_29' title="bbox 385 3407 1579 3495; baseline 0.004 -24"><span class='ocrx_word' id='word_1_228' title='bbox 385 3429 500 3493; x_wconf 91' lang='lat' dir='ltr'>porcos</span> <span class='ocrx_word' id='word_1_229' title='bbox 529 3409 741 3494; x_wconf 88' lang='lat' dir='ltr'>pecuniarum</span> <span class='ocrx_word' id='word_1_230' title='bbox 764 3430 906 3474; x_wconf 90' lang='lat' dir='ltr'>summas</span> <span class='ocrx_word' id='word_1_231' title='bbox 929 3419 962 3473; x_wconf 91' lang='lat' dir='ltr'>et</span> <span class='ocrx_word' id='word_1_232' title='bbox 983 3407 1136 3474; x_wconf 84' lang='lat' dir='ltr'>nonnulla</span> <span class='ocrx_word' id='word_1_233' title='bbox 1157 3408 1220 3473; x_wconf 83' lang='lat' dir='ltr'>alia</span> <span class='ocrx_word' id='word_1_234' title='bbox 1241 3407 1327 3474; x_wconf 87' lang='lat' dir='ltr'>bena</span> <span class='ocrx_word' id='word_1_235' title='bbox 1348 3410 1447 3495; x_wconf 88' lang='lat' dir='ltr'>ipsius</span> <span class='ocrx_word' id='word_1_236' title='bbox 1469 3432 1579 3476; x_wconf 87' lang='lat' dir='ltr'>mona-</span> 
     </span>
     <span class='ocr_line' id='line_1_30' title="bbox 385 3509 1580 3579; baseline 0.002 -2"><span class='ocrx_word' id='word_1_237' title='bbox 385 3513 474 3578; x_wconf 88' lang='lat' dir='ltr'>sterii</span> <span class='ocrx_word' id='word_1_238' title='bbox 495 3513 527 3576; x_wconf 91' lang='lat' dir='ltr'>in</span> <span class='ocrx_word' id='word_1_239' title='bbox 550 3509 716 3577; x_wconf 83' lang='lat' dir='ltr'>Chbtwico</span> <span class='ocrx_word' id='word_1_240' title='bbox 737 3522 861 3578; x_wconf 91' lang='lat' dir='ltr'>temere</span> <span class='ocrx_word' id='word_1_241' title='bbox 884 3525 916 3578; x_wconf 90' lang='lat' dir='ltr'>et</span> <span class='ocrx_word' id='word_1_242' title='bbox 937 3512 1100 3579; x_wconf 86' lang='lat' dir='ltr'>maliciose</span> <span class='ocrx_word' id='word_1_243' title='bbox 1123 3513 1367 3578; x_wconf 80' lang='lat' dir='ltr'>occultaverrmt</span> <span class='ocrx_word' id='word_1_244' title='bbox 1388 3523 1421 3578; x_wconf 90' lang='lat' dir='ltr'>et</span> <span class='ocrx_word' id='word_1_245' title='bbox 1435 3511 1580 3579; x_wconf 88' lang='lat' dir='ltr'>detinue-</span> 
     </span>
     <span class='ocr_line' id='line_1_31' title="bbox 386 3605 1685 3705; baseline 0.002 -24"><span class='ocrx_word' id='word_1_246' title='bbox 386 3626 462 3682; x_wconf 90' lang='lat' dir='ltr'>runt</span> <span class='ocrx_word' id='word_1_247' title='bbox 491 3626 523 3681; x_wconf 91' lang='lat' dir='ltr'>et</span> <span class='ocrx_word' id='word_1_248' title='bbox 552 3615 659 3681; x_wconf 91' lang='lat' dir='ltr'>adhuc</span> <span class='ocrx_word' id='word_1_249' title='bbox 689 3616 852 3682; x_wconf 87' lang='lat' dir='ltr'>occultant</span> <span class='ocrx_word' id='word_1_250' title='bbox 880 3627 914 3683; x_wconf 91' lang='lat' dir='ltr'>et</span> <span class='ocrx_word' id='word_1_251' title='bbox 944 3616 1067 3682; x_wconf 89' lang='lat' dir='ltr'>occulte</span> <span class='ocrx_word' id='word_1_252' title='bbox 1098 3616 1243 3682; x_wconf 89' lang='lat' dir='ltr'>detinent</span> <span class='ocrx_word' id='word_1_253' title='bbox 1272 3627 1305 3681; x_wconf 94' lang='lat' dir='ltr'>et</span> <span class='ocrx_word' id='word_1_254' title='bbox 1332 3617 1476 3682; x_wconf 90' lang='lat' dir='ltr'>detinere</span> <span class='ocrx_word' id='word_1_255' title='bbox 1506 3642 1577 3705; x_wconf 79' lang='lat' dir='ltr'>pre</span> <span class='ocrx_word' id='word_1_256' title='bbox 1684 3605 1685 3648; x_wconf 62' lang='lat'>³</span> 
     </span>
     <span class='ocr_line' id='line_1_32' title="bbox 386 3721 1685 3808; baseline 0.001 -23"><span class='ocrx_word' id='word_1_257' title='bbox 386 3731 518 3786; x_wconf 87' lang='lat' dir='ltr'>sumunt</span> <span class='ocrx_word' id='word_1_258' title='bbox 552 3742 612 3808; x_wconf 90' lang='lat' dir='ltr'>pro</span> <span class='ocrx_word' id='word_1_259' title='bbox 649 3723 762 3807; x_wconf 89' lang='lat' dir='ltr'>primo,</span> <span class='ocrx_word' id='word_1_260' title='bbox 800 3721 944 3787; x_wconf 91' lang='lat' dir='ltr'>secundo</span> <span class='ocrx_word' id='word_1_261' title='bbox 976 3744 1017 3787; x_wconf 90' lang='lat' dir='ltr'>ac</span> <span class='ocrx_word' id='word_1_262' title='bbox 1053 3724 1153 3786; x_wconf 87' lang='lat' dir='ltr'>tercio</span> <span class='ocrx_word' id='word_1_263' title='bbox 1190 3723 1405 3808; x_wconf 82' lang='lat' dir='ltr'>peremptorio</span> <span class='ocrx_word' id='word_1_264' title='bbox 1441 3726 1580 3789; x_wconf 87' lang='lat' dir='ltr'>termino</span> <span class='ocrx_word' id='word_1_265' title='bbox 1684 3761 1685 3786; x_wconf 41' lang='lat' dir='ltr'>r</span> 
     </span>
     <span class='ocr_line' id='line_1_33' title="bbox 369 3823 1579 3915; baseline 0.002 -26"><span class='ocrx_word' id='word_1_266' title='bbox 369 3823 517 3911; x_wconf 87' lang='lat' dir='ltr'>publice</span> <span class='ocrx_word' id='word_1_267' title='bbox 543 3828 576 3890; x_wconf 93' lang='lat' dir='ltr'>in</span> <span class='ocrx_word' id='word_1_268' title='bbox 603 3824 741 3891; x_wconf 89' lang='lat' dir='ltr'>ambone</span> <span class='ocrx_word' id='word_1_269' title='bbox 766 3830 799 3890; x_wconf 91' lang='lat' dir='ltr'>in</span> <span class='ocrx_word' id='word_1_270' title='bbox 826 3826 972 3891; x_wconf 90' lang='lat' dir='ltr'>ecclesiis</span> <span class='ocrx_word' id='word_1_271' title='bbox 999 3827 1114 3890; x_wconf 83' lang='lat' dir='ltr'>vestris</span> <span class='ocrx_word' id='word_1_272' title='bbox 1136 3825 1221 3890; x_wconf 82' lang='lat' dir='ltr'>infra</span> <span class='ocrx_word' id='word_1_273' title='bbox 1247 3828 1415 3891; x_wconf 87' lang='lat' dir='ltr'>missarum</span> <span class='ocrx_word' id='word_1_274' title='bbox 1442 3826 1579 3915; x_wconf 84' lang='lat' dir='ltr'>solemp</span> 
     </span>
     <span class='ocr_line' id='line_1_34' title="bbox 387 3928 1685 4017; baseline 0.003 -23"><span class='ocrx_word' id='word_1_275' title='bbox 387 3933 450 4006; x_wconf 85' lang='lat' dir='ltr'>nia,</span> <span class='ocrx_word' id='word_1_276' title='bbox 481 3928 611 4015; x_wconf 88' lang='lat' dir='ltr'>quando</span> <span class='ocrx_word' id='word_1_277' title='bbox 640 3933 742 3996; x_wconf 88' lang='lat' dir='ltr'>maier</span> <span class='ocrx_word' id='word_1_278' title='bbox 771 3931 900 3997; x_wconf 78' lang='lat' dir='ltr'>affluerit</span> <span class='ocrx_word' id='word_1_279' title='bbox 926 3930 1035 4017; x_wconf 90' lang='lat' dir='ltr'>populi</span> <span class='ocrx_word' id='word_1_280' title='bbox 1057 3930 1237 4014; x_wconf 88' lang='lat' dir='ltr'>multitudo,</span> <span class='ocrx_word' id='word_1_281' title='bbox 1264 3953 1324 4016; x_wconf 88' lang='lat' dir='ltr'>per</span> <span class='ocrx_word' id='word_1_282' title='bbox 1344 3952 1403 3995; x_wconf 88' lang='lat' dir='ltr'>vos</span> <span class='ocrx_word' id='word_1_283' title='bbox 1425 3953 1483 3996; x_wconf 88' lang='lat' dir='ltr'>seu</span> <span class='ocrx_word' id='word_1_284' title='bbox 1505 3933 1580 3998; x_wconf 92' lang='lat' dir='ltr'>sub·</span> <span class='ocrx_word' id='word_1_285' title='bbox 1684 3981 1685 3986; x_wconf 19' lang='grc' dir='ltr'>η</span> 
     </span>
     <span class='ocr_line' id='line_1_35' title="bbox 388 4032 1685 4128; baseline 0 -29"><span class='ocrx_word' id='word_1_286' title='bbox 388 4033 469 4099; x_wconf 92' lang='lat' dir='ltr'>ditos</span> <span class='ocrx_word' id='word_1_287' title='bbox 490 4045 616 4099; x_wconf 87' lang='lat' dir='ltr'>vestros</span> <span class='ocrx_word' id='word_1_288' title='bbox 639 4033 831 4120; x_wconf 86' lang='lat' dir='ltr'>capellanos,</span> <span class='ocrx_word' id='word_1_289' title='bbox 855 4036 1009 4121; x_wconf 88' lang='lat' dir='ltr'>quociens</span> <span class='ocrx_word' id='word_1_290' title='bbox 1032 4043 1065 4098; x_wconf 91' lang='lat' dir='ltr'>et</span> <span class='ocrx_word' id='word_1_291' title='bbox 1086 4032 1216 4120; x_wconf 90' lang='lat' dir='ltr'>quando</span> <span class='ocrx_word' id='word_1_292' title='bbox 1239 4056 1297 4119; x_wconf 90' lang='lat' dir='ltr'>pro</span> <span class='ocrx_word' id='word_1_293' title='bbox 1311 4041 1403 4119; x_wconf 83' lang='lat' dir='ltr'>parte</span> <span class='ocrx_word' id='word_1_294' title='bbox 1419 4033 1579 4100; x_wconf 90' lang='lat' dir='ltr'>dictorum</span> <span class='ocrx_word' id='word_1_295' title='bbox 1684 4047 1685 4128; x_wconf 56' lang='lat' dir='ltr'>l</span> 
     </span>
     <span class='ocr_line' id='line_1_36' title="bbox 388 4137 1580 4205; baseline 0 -1"><span class='ocrx_word' id='word_1_296' title='bbox 388 4139 589 4205; x_wconf 88' lang='lat' dir='ltr'>dominorum</span> <span class='ocrx_word' id='word_1_297' title='bbox 618 4138 747 4205; x_wconf 84' lang='lat' dir='ltr'>abbatis</span> <span class='ocrx_word' id='word_1_298' title='bbox 777 4151 810 4204; x_wconf 90' lang='lat' dir='ltr'>et</span> <span class='ocrx_word' id='word_1_299' title='bbox 839 4150 1017 4205; x_wconf 88' lang='lat' dir='ltr'>conventus</span> <span class='ocrx_word' id='word_1_300' title='bbox 1046 4141 1230 4205; x_wconf 88' lang='lat' dir='ltr'>monasterii</span> <span class='ocrx_word' id='word_1_301' title='bbox 1257 4141 1290 4203; x_wconf 93' lang='lat' dir='ltr'>iu</span> <span class='ocrx_word' id='word_1_302' title='bbox 1321 4137 1486 4205; x_wconf 83' lang='lat' dir='ltr'>detwicc</span> <span class='ocrx_word' id='word_1_303' title='bbox 1513 4138 1580 4205; x_wconf 84' lang='lat' dir='ltr'>fue</span> 
     </span>
     <span class='ocr_line' id='line_1_37' title="bbox 388 4243 1582 4331; baseline 0 -22"><span class='ocrx_word' id='word_1_304' title='bbox 388 4245 452 4309; x_wconf 90' lang='lat' dir='ltr'>rint</span> <span class='ocrx_word' id='word_1_305' title='bbox 480 4245 623 4331; x_wconf 87' lang='lat' dir='ltr'>requisiti</span> <span class='ocrx_word' id='word_1_306' title='bbox 653 4267 712 4310; x_wconf 92' lang='lat' dir='ltr'>seu</span> <span class='ocrx_word' id='word_1_307' title='bbox 742 4243 825 4310; x_wconf 88' lang='lat' dir='ltr'>alter</span> <span class='ocrx_word' id='word_1_308' title='bbox 853 4255 998 4309; x_wconf 83' lang='lat' dir='ltr'>vestrum</span> <span class='ocrx_word' id='word_1_309' title='bbox 1028 4244 1124 4309; x_wconf 81' lang='lat' dir='ltr'>fuerit</span> <span class='ocrx_word' id='word_1_310' title='bbox 1151 4246 1333 4330; x_wconf 85' lang='lat' dir='ltr'>requisitus,</span> <span class='ocrx_word' id='word_1_311' title='bbox 1364 4245 1520 4308; x_wconf 88' lang='lat' dir='ltr'>moneatis</span> <span class='ocrx_word' id='word_1_312' title='bbox 1550 4255 1582 4310; x_wconf 92' lang='lat' dir='ltr'>et</span> 
     </span>
     <span class='ocr_line' id='line_1_38' title="bbox 387 4347 1580 4436; baseline 0.001 -23"><span class='ocrx_word' id='word_1_313' title='bbox 387 4351 568 4436; x_wconf 89' lang='lat' dir='ltr'>requiretis,</span> <span class='ocrx_word' id='word_1_314' title='bbox 592 4372 673 4436; x_wconf 91' lang='lat' dir='ltr'>quos</span> <span class='ocrx_word' id='word_1_315' title='bbox 696 4351 792 4415; x_wconf 89' lang='lat' dir='ltr'>etiam</span> <span class='ocrx_word' id='word_1_316' title='bbox 815 4371 926 4415; x_wconf 87' lang='lat' dir='ltr'>omnes</span> <span class='ocrx_word' id='word_1_317' title='bbox 949 4359 982 4414; x_wconf 90' lang='lat' dir='ltr'>et</span> <span class='ocrx_word' id='word_1_318' title='bbox 1004 4348 1145 4433; x_wconf 82' lang='lat' dir='ltr'>singulos</span> <span class='ocrx_word' id='word_1_319' title='bbox 1166 4347 1370 4435; x_wconf 91' lang='lat' dir='ltr'>presentibus</span> <span class='ocrx_word' id='word_1_320' title='bbox 1401 4349 1447 4412; x_wconf 91' lang='lat' dir='ltr'>sic</span> <span class='ocrx_word' id='word_1_321' title='bbox 1476 4352 1580 4436; x_wconf 88' lang='lat' dir='ltr'>requi·</span> 
     </span>
     <span class='ocr_line' id='line_1_39' title="bbox 388 4453 1580 4541; baseline 0 -22"><span class='ocrx_word' id='word_1_322' title='bbox 388 4456 488 4519; x_wconf 91' lang='lat' dir='ltr'>rimus</span> <span class='ocrx_word' id='word_1_323' title='bbox 519 4465 552 4520; x_wconf 88' lang='lat' dir='ltr'>et</span> <span class='ocrx_word' id='word_1_324' title='bbox 573 4477 752 4539; x_wconf 90' lang='lat' dir='ltr'>monemus,</span> <span class='ocrx_word' id='word_1_325' title='bbox 775 4463 934 4541; x_wconf 90' lang='lat' dir='ltr'>quatenus</span> <span class='ocrx_word' id='word_1_326' title='bbox 956 4453 1040 4519; x_wconf 88' lang='lat' dir='ltr'>infre</span> <span class='ocrx_word' id='word_1_327' title='bbox 1062 4456 1156 4519; x_wconf 90' lang='lat' dir='ltr'>unius</span> <span class='ocrx_word' id='word_1_328' title='bbox 1178 4456 1298 4518; x_wconf 88' lang='lat' dir='ltr'>mensis</span> <span class='ocrx_word' id='word_1_329' title='bbox 1321 4454 1476 4540; x_wconf 88' lang='lat' dir='ltr'>spacium,</span> <span class='ocrx_word' id='word_1_330' title='bbox 1499 4465 1580 4539; x_wconf 85' lang='lat' dir='ltr'>post-</span> 
     </span>
     <span class='ocr_line' id='line_1_40' title="bbox 389 4556 1580 4647; baseline -0.002 -23"><span class='ocrx_word' id='word_1_331' title='bbox 389 4581 487 4646; x_wconf 90' lang='lat' dir='ltr'>quam</span> <span class='ocrx_word' id='word_1_332' title='bbox 515 4582 574 4647; x_wconf 93' lang='lat' dir='ltr'>per</span> <span class='ocrx_word' id='word_1_333' title='bbox 605 4559 663 4625; x_wconf 91' lang='lat' dir='ltr'>has</span> <span class='ocrx_word' id='word_1_334' title='bbox 685 4570 811 4624; x_wconf 90' lang='lat' dir='ltr'>nostras</span> <span class='ocrx_word' id='word_1_335' title='bbox 833 4558 956 4624; x_wconf 87' lang='lat' dir='ltr'>litteras</span> <span class='ocrx_word' id='word_1_336' title='bbox 979 4559 1097 4623; x_wconf 89' lang='lat' dir='ltr'>fuerint</span> <span class='ocrx_word' id='word_1_337' title='bbox 1119 4559 1264 4645; x_wconf 89' lang='lat' dir='ltr'>requisiti</span> <span class='ocrx_word' id='word_1_338' title='bbox 1287 4580 1345 4623; x_wconf 90' lang='lat' dir='ltr'>seu</span> <span class='ocrx_word' id='word_1_339' title='bbox 1366 4556 1448 4624; x_wconf 87' lang='lat' dir='ltr'>alter</span> <span class='ocrx_word' id='word_1_340' title='bbox 1470 4579 1580 4623; x_wconf 81' lang='lat' dir='ltr'>eorum</span> 
     </span>
     <span class='ocr_line' id='line_1_41' title="bbox 389 4661 1578 4750; baseline 0 -22"><span class='ocrx_word' id='word_1_341' title='bbox 389 4663 486 4729; x_wconf 89' lang='lat' dir='ltr'>fuerit</span> <span class='ocrx_word' id='word_1_342' title='bbox 512 4666 681 4750; x_wconf 88' lang='lat' dir='ltr'>requisitus</span> <span class='ocrx_word' id='word_1_343' title='bbox 711 4664 854 4750; x_wconf 85' lang='lat' dir='ltr'>prefatis,</span> <span class='ocrx_word' id='word_1_344' title='bbox 885 4664 1114 4750; x_wconf 87' lang='lat' dir='ltr'>prenominatis</span> <span class='ocrx_word' id='word_1_345' title='bbox 1145 4662 1281 4728; x_wconf 90' lang='lat' dir='ltr'>dominis</span> <span class='ocrx_word' id='word_1_346' title='bbox 1311 4661 1422 4728; x_wconf 90' lang='lat' dir='ltr'>abbati</span> <span class='ocrx_word' id='word_1_347' title='bbox 1450 4675 1484 4728; x_wconf 92' lang='lat' dir='ltr'>et</span> <span class='ocrx_word' id='word_1_348' title='bbox 1510 4686 1578 4730; x_wconf 86' lang='lat' dir='ltr'>con-</span> 
     </span>
    </p>
   </div>
   <div class='ocr_carea' id='block_1_4' title="bbox 0 0 1713 5350">
    <p class='ocr_par' dir='ltr' id='par_1_4' title="bbox 0 0 1713 5350">
     <span class='ocr_line' id='line_1_42' title="bbox 0 0 1713 5350; baseline 0 0"><span class='ocrx_word' id='word_1_349' title='bbox 0 0 1713 5350; x_wconf 95' lang='lat' dir='ltr'> </span> 
     </span>
    </p>
   </div>
  </div>
 </body>
</html>
