3400 5350
1295 426 1359 491 357

167 605 230 654 eine
248 605 346 656 andere
364 606 455 657 frtther
473 624 527 665 ron
544 607 600 658 ihm
618 609 798 676 ausgestellte,
812 611 882 676 jetzt
895 612 1036 664 veriorene
1048 613 1179 665 Urlrunde
1191 615 1275 675 durch
1287 615 1361 668 disse

167 694 274 757 spaters
292 708 345 743 neu
363 694 534 762 belrrttftigte.

217 890 222 897 '
273 875 371 941 Alma
393 884 496 941 mater
518 875 656 943 ecclesia
678 880 743 942 suis
767 880 900 966 cupiens
923 880 1121 967 profectibus
1144 883 1290 970 ampliari
1312 908 1360 950 re·

166 978 250 1045 lictis
272 983 407 1046 terrenis
430 980 569 1047 cultibus
591 982 635 1047 ad
658 983 789 1049 celestia
812 1005 941 1071 semper
956 985 1126 1051 intendens
1142 987 1359 1073 spiritualibus

168 1105 267 1170 super
289 1084 462 1150 celestibus
484 1095 517 1151 et
540 1108 650 1152 eorum
673 1086 811 1153 cultibus
834 1091 945 1153 nititur
966 1089 1124 1156 inherere.
1148 1090 1227 1156 Ideo
1244 1092 1359 1158 eadem

167 1191 322 1275 pensione
344 1199 479 1276 pensata
502 1213 559 1257 nos
583 1191 658 1257 Otto
683 1190 792 1257 divina
815 1193 1026 1279 providencia
1048 1194 1150 1260 abbas
1173 1199 1359 1262 monasterii

168 1292 399 1359 Chotwicensis
423 1295 545 1360 ordinis
569 1298 671 1360 sancti
687 1296 857 1363 Benedicti
872 1299 1073 1364 Pataviensis
1096 1300 1246 1387 dyocesis
1261 1303 1359 1367 omni-

167 1397 229 1462 bus
258 1402 395 1485 posteris
422 1402 538 1465 nostris
561 1423 620 1487 per
642 1410 807 1486 presentes
830 1404 1059 1468 innotescimus
1083 1414 1115 1468 et
1136 1404 1265 1491 publice
1288 1428 1359 1492 pro-

166 1512 331 1588 testamur,
362 1503 449 1591 quod
479 1526 523 1568 ex
552 1513 660 1570 nostra
690 1528 779 1570 mera
803 1514 835 1571 et
858 1507 960 1572 libera
981 1509 1146 1574 voluntate
1169 1531 1209 1574 ac
1231 1508 1359 1575 sincera

167 1606 339 1673 devotione
363 1608 403 1674 ob
427 1608 548 1675 cultum
571 1609 625 1674 dei
647 1610 923 1696 augmentandum
946 1611 989 1677 ad
1011 1612 1165 1679 honorem
1186 1613 1238 1678 dei
1262 1616 1358 1679 omni·

166 1714 304 1798 potentis
334 1721 367 1778 et
395 1714 528 1798 virginis
560 1714 662 1779 Maris
693 1717 802 1779 matris
834 1717 902 1780 eius
933 1726 966 1781 et
999 1726 1183 1783 sanctorum
1217 1721 1358 1784 omniurn
1463 1722 1468 1737 ⁵

167 1817 349 1901 specialiter
377 1820 480 1883 sancti
510 1818 679 1884 Benedicti
708 1822 807 1905 patris
839 1820 959 1886 ordinis
990 1823 1089 1886 nostri
1119 1832 1151 1887 et
1181 1822 1269 1888 beati
1291 1822 1358 1888 Alt-

167 1923 276 1985 manni
306 1921 485 1987 fundatoris
515 1925 615 1988 nostri
647 1924 854 2011 infrascripta
884 1924 969 1990 bona
1000 1935 1093 1991 extra
1116 1926 1360 1992 administratio-

166 2048 242 2091 nem
272 2035 304 2091 et
333 2026 419 2092 bona
448 2030 633 2093 monasterii
664 2040 820 2116 percepta
849 2052 909 2116 per
937 2053 996 2096 nos
1026 2030 1106 2096 alias
1136 2031 1299 2098 addonata
1327 2041 1359 2098 et

166 2143 320 2219 percepta
344 2132 458 2198 damus
481 2132 657 2199 liberaliter
679 2135 802 2221 capelle
827 2139 930 2201 sancti
952 2136 1122 2203 Benedicti
1137 2161 1197 2225 per
1212 2161 1269 2203 nos
1286 2161 1358 2204 con·

165 2248 286 2303 suncte
314 2246 347 2303 et
368 2260 428 2324 per
449 2238 666 2303 reverendum
689 2242 721 2303 in
744 2237 873 2305 Christo
895 2251 1031 2326 patrem,
1055 2241 1220 2308 dominum
1243 2241 1358 2314 Alber·

166 2350 257 2407 tum·
280 2342 506 2407 Pataviensem
529 2345 716 2429 episcopum
740 2343 854 2409 eodem
875 2343 1003 2410 domino
1026 2345 1145 2410 abbate
1165 2355 1359 2433 procurante

168 2456 366 2531 consecrate,
400 2469 463 2533 que
498 2446 629 2533 quidem
663 2446 748 2512 bona
783 2470 900 2513 census
930 2472 988 2514 seu
1017 2449 1164 2515 redditus
1194 2460 1268 2515 sunt
1296 2450 1357 2516 hii:

167 2552 271 2637 primo
294 2554 416 2616 curiam
431 2553 464 2615 in
480 2551 646 2636 Hugling¹
670 2561 812 2638 emptam
827 2576 848 2618 a
864 2553 1034 2620 Velchlino
1049 2554 1156 2638 iudeo,
1181 2577 1244 2641 que
1260 2557 1361 2620 servit

166 2679 268 2721 unum
282 2655 424 2721 modium
440 2658 546 2742 tritici,
570 2655 650 2721 duos
666 2656 790 2723 modios
805 2656 968 2743 frumenti,
985 2682 1085 2724 unum
1100 2657 1243 2725 modium
1259 2660 1358 2745 ordei,

139 2758 248 2826 'duos
279 2759 402 2826 modios
431 2784 544 2839 avene,
574 2761 642 2826 XII
673 2783 807 2847 magnos
839 2785 962 2847 caseos,
994 2773 1130 2850 quatuor
1152 2767 1263 2849 aucas,
1288 2773 1358 2830 octo

167 2864 280 2951 pullos,
310 2865 361 2930 XI
387 2865 504 2930 solidos
534 2863 740 2931 denariorum
762 2866 982 2954 Mychahelis3
1012 2870 1089 2932 item
1120 2869 1153 2933 in
1175 2848 1359 2953 Vrspring²

166 2992 267 3035 unum
290 2969 483 3035 beneficium
507 2980 651 3057 emptum
673 2971 877 3036 aLeutwino
894 2973 1071 3037 camerario
1087 2974 1120 3036 in
1136 2970 1359 3056 Eklrendorf,³

167 3075 253 3161 quod
283 3077 384 3140 servit
404 3074 438 3138 X
461 3074 578 3140 solidos
602 3074 816 3162 Mychahelis,
847 3098 947 3141 unum
970 3098 1104 3163 porcum
1128 3075 1290 3142 valentem
1313 3086 1357 3142 ta·

166 3179 297 3263 lentum,
320 3179 388 3244 XII
411 3202 522 3244 caseos
544 3201 688 3264 magnos,
712 3179 792 3244 duas
816 3201 925 3263 aucas,
949 3180 1032 3245 VIH
1054 3179 1171 3266 pullos3
1201 3182 1278 3246 item
1301 3181 1357 3246 ibi·

168 3283 243 3349 dem
266 3306 309 3348 ex
331 3306 415 3349 novo
437 3286 534 3349 trium
556 3283 748 3349 talentorum
770 3283 916 3349 redditus
940 3293 1048 3370 preter
1073 3285 1175 3350 XXX
1199 3285 1358 3371 denarios,

167 3390 222 3474 qui
252 3390 321 3452 iure
350 3388 434 3452 civili
457 3387 518 3452 hoc
541 3387 636 3453 modo
659 3390 880 3475 porriguntur:
913 3388 1117 3476 Mychahelis
1141 3389 1204 3454 duo
1227 3388 1358 3475 talenta,

166 3495 243 3557 item
272 3492 390 3557 XVIII
420 3513 531 3557 caseos
561 3491 732 3579 plusquam
762 3492 952 3579 mediocres,
983 3493 1033 3558 XI
1064 3492 1181 3580 pullos3
1216 3497 1291 3560 item
1325 3497 1357 3560 in

166 3672 373 3679 ——--—-—-—-

165 3771 234 3828 380.
272 3783 286 3807 ⁸
303 3773 491 3840 ursprttnglich
505 3771 677 3824 Adclhcrtam.
697 3774 749 3823 Die
767 3772 866 3824 belden
883 3779 973 3824 ersten
986 3773 1157 3824 Buchstsben
1174 3772 1234 3824 sind
1251 3774 1358 3833 radim,

165 3862 231 3912 aber
256 3861 326 3911 noch
352 3860 477 3911 sichtbar.
513 3859 630 3911 ΑΙόενιιω
658 3861 770 3925 beginnt
795 3859 879 3910 daher
905 3862 954 3911 mit
981 3861 1069 3910 einem
1092 3859 1203 3910 kleinen
1225 3859 1358 3926 Antangs-

166 3948 340 3999 buohstaben.

270 4084 352 4137 ιΕἰιὶ
374 4088 590 4153 eingegangener
612 4086 669 4147 Ort,
692 4086 808 4137 welches
829 4086 964 4137 awischen
985 4085 1140 4136 Pliensdort'
1158 4086 1214 4137 und
1230 4085 1357 4137 Weidern

165 4174 217 4241 lag.
254 4173 335 4225 Scine
347 4174 421 4239 Lege
440 4174 532 4224 deutet
549 4174 630 4224 heute
642 4174 711 4225 noch
724 4174 772 4224 das
784 4173 955 4239 Httllingfeld
967 4189 1011 4235 an,
1030 4173 1145 4224 welches
1157 4175 1236 4223 einen
1249 4188 1358 4239 grossen

165 4261 244 4311 Theil
267 4260 313 4311 des
335 4261 525 4327 Burgfriedens
548 4277 601 4311 von
624 4261 779 4312 Fliensdorf
799 4261 891 4311 bildet.
928 4262 987 4311 Von
1010 4260 1045 4310 da
1067 4266 1190 4311 stammts
1208 4260 1278 4311 auch
1297 4261 1358 4310 eine

166 4347 358 4409 Adelsfamilie‚
382 4347 484 4398 welche
507 4348 559 4397 den
577 4348 720 4398 Stammort
741 4351 831 4414 apator
849 4348 961 4398 verliess
979 4346 1034 4397 und
1051 4347 1109 4397 sich
1128 4348 1156 4396 in
1174 4346 1223 4397 der
1235 4345 1357 4396 Wachau

165 4434 205 4485 als
229 4434 424 4485 Ministerialen
452 4434 500 4485 der
521 4435 692 4501 Knenringer
719 4435 885 4487 niaderliess.
921 4435 982 4485 Zeit
1006 4434 1061 4483 und
1085 4433 1205 4485 Ursache
1228 4433 1275 4484 der
1292 4433 1357 4484 Ver·

166 4520 255 4587 odung
277 4520 363 4572 dieses
385 4521 463 4572 Ortes
486 4521 545 4572 sind
568 4522 726 4573 unbekannt
749 4520 800 4590 (Bl.
820 4521 838 4572 f.
856 4521 989 4573 Landesk.
1007 4537 1032 4570 v.
1050 4520 1145 4573 u-oa
1156 4520 1243 4584 XVII,
1262 4516 1355 4588 Soti).

166 4637 198 4645 -
217 4605 230 4638 ²
247 4609 397 4675 Ursprung,
415 4608 491 4662 0.·G.
505 4609 608 4673 Maner,
627 4610 658 4659 V.
672 4608 703 4659 0.
718 4609 759 4661 W.
773 4609 814 4659 W.
852 4636 884 4648 --
920 4606 932 4639 ⁸
954 4607 1118 4676 Eggendorf,
1137 4608 1211 4662 a-B.
1224 4608 1357 4672 Mantern,

165 4696 198 4745 V.
212 4695 243 4747 0.
256 4696 297 4746 W.
312 4696 353 4746 W.
