3400 5350
364 424 429 490 598

363 640 516 703 agrorum
545 621 605 684 sita
634 621 665 684 in
697 618 857 705 Halpacb,
888 643 952 708 que
983 619 1069 685 idem
1100 619 1248 685 dominus
1271 618 1402 685 Vlricus
1432 620 1509 684 emit
1537 643 1557 683 α

364 721 492 788 domino
514 723 635 789 Iobane
653 724 843 789 Wildeker¹
868 726 967 791 milite
990 737 1021 790 et
1043 726 1109 790 suis
1125 724 1302 790 heredibus
1318 747 1392 789 cum
1408 723 1557 788 omnibus

365 838 397 891 et
425 831 557 913 singulis
587 830 719 915 iuribus,
751 831 999 917 proprietatibus
1031 842 1063 896 et
1092 833 1299 917 pertinenciis
1325 852 1365 894 ac
1387 830 1556 913 fructibus,

364 958 427 1022 que
450 935 642 1023 spectabant
664 945 696 999 et
717 939 878 1021 pertinent
901 936 944 1000 ad
967 935 1113 1022 predicta
1127 935 1214 1000 bona
1229 938 1262 1000 in
1279 934 1438 1022 Halpach,
1462 944 1559 1021 prout

363 1043 397 1105 in
423 1040 520 1106 literis
548 1043 723 1125 empcionis
751 1064 849 1127 super
876 1041 938 1105 hoc
961 1042 1150 1124 conscriptis
1173 1039 1342 1104 evidenter
1365 1042 1558 1123 continetur,

365 1147 417 1208 cui
447 1144 615 1209 donacioni
639 1155 759 1209 extunc
783 1147 1001 1209 consensimus
1025 1154 1057 1209 et
1079 1165 1234 1230 expresse
1257 1143 1461 1230 presentibus
1483 1165 1559 1208 con·

364 1252 517 1313 sentimus
546 1249 699 1331 volentes,
731 1249 817 1335 quod
845 1252 1028 1336 quicunque
1055 1249 1191 1313 fratrum
1222 1249 1300 1313 dicti
1327 1250 1427 1312 nostri
1449 1270 1558 1313 mona·

363 1356 452 1418 sterii
481 1376 539 1440 pro
569 1365 713 1440 tempore
744 1354 840 1419 fuerit
870 1353 1028 1440 plebanus
1058 1356 1090 1417 in
1118 1352 1278 1439 Halpach,
1301 1353 1450 1439 predicta
1471 1353 1559 1417 bona

362 1459 432 1523 loco
467 1470 499 1523 et
532 1469 676 1544 tempore
711 1458 828 1523 debitis
864 1469 896 1522 et
931 1461 1090 1524 consuetis
1118 1461 1269 1545 respiciat
1300 1459 1456 1544 percipiat
1486 1460 1558 1521 iure

363 1562 565 1628 fundacionis
596 1586 694 1629 manu
725 1566 831 1649 capiat
858 1574 890 1628 et
919 1563 1064 1629 conferat
1096 1573 1128 1627 et
1154 1565 1195 1628 sit
1217 1571 1304 1628 met·
1327 1564 1445 1626 tercius
1467 1561 1559 1626 vide·

363 1670 439 1733 licet
467 1667 591 1733 habeus
626 1668 706 1732 duos
740 1671 841 1733 socios
876 1667 917 1732 de
950 1671 1049 1733 nostri
1083 1670 1267 1733 monasterii
1301 1667 1462 1749 fratribus,
1496 1689 1560 1752 per

365 1795 444 1859 quos
472 1772 602 1860 quidem
629 1777 731 1838 socios
758 1773 844 1837 idem
868 1772 1023 1858 plebanus
1046 1782 1199 1859 procuret
1221 1781 1253 1837 et
1275 1772 1373 1836 faciat
1395 1773 1480 1835 omni
1503 1770 1559 1835 die

364 1880 527 1964 perpetuis
549 1879 747 1964 temporibus
769 1901 867 1943 unam
891 1881 1020 1943 missam
1043 1878 1200 1943 celebrari
1223 1881 1256 1942 in
1279 1877 1417 1942 ecclesia
1439 1898 1559 1941 memo·

365 1993 436 2048 rata
464 1983 628 2048 videlicet:
658 1986 692 2047 in
723 1982 774 2047 die
806 1982 965 2048 dominico
996 1982 1037 2046 de
1067 1982 1216 2048 omnibus
1246 1986 1375 2064 sanctis,
1406 1981 1486 2046 feria
1510 2003 1559 2045 se·

365 2088 473 2152 cunda
502 2110 561 2173 pro
591 2087 741 2152 fidelibus
772 2087 941 2169 defunctis,
968 2086 1049 2151 feria
1077 2089 1178 2151 tercia
1204 2109 1261 2173 pro
1289 2088 1396 2151 anima
1418 2085 1558 2169 abbatis,

365 2192 445 2256 feria
475 2202 589 2278 quarta
618 2192 658 2256 de
681 2195 904 2277 assumpcione
928 2191 1022 2256 beate
1047 2192 1149 2256 Maria
1174 2193 1315 2278 virginis,
1340 2191 1423 2255 feria
1445 2193 1560 2276 quinta

366 2296 407 2361 de
430 2319 563 2381 corpore
585 2295 714 2379 Christi,
737 2297 818 2362 feria
840 2305 934 2361 sexta
957 2295 999 2360 de
1014 2306 1127 2361 sancta
1142 2320 1250 2381 cruce,
1273 2296 1409 2362 sabbato
1425 2298 1560 2361 missam

366 2401 406 2466 de
434 2400 530 2466 beata
553 2401 657 2465 Maria
683 2400 878 2486 generalem,
908 2403 969 2465 nisi
991 2400 1149 2487 plebanus
1172 2400 1338 2488 predictus
1360 2410 1493 2487 propter
1516 2400 1562 2464 fe·

364 2518 449 2570 stum
471 2506 680 2591 apostolicum
702 2505 754 2570 vel
776 2507 809 2569 in
832 2515 957 2592 septem
972 2505 1144 2571 luminibus
1161 2505 1428 2571 consuetudinem
1444 2503 1560 2589 regule

364 2619 471 2675 nostre
495 2610 631 2675 voluerit
653 2610 827 2674 observare
850 2613 882 2674 in
907 2614 1076 2675 missarum
1100 2610 1377 2677 celebracionibus
1399 2609 1560 2696 predicta-

364 2738 435 2779 rum
459 2717 553 2779 misse
577 2738 705 2801 quoque
729 2715 853 2800 prefate
877 2739 935 2802 per
957 2719 1059 2780 socios
1084 2727 1115 2781 ct
1136 2739 1202 2782 non
1224 2739 1283 2802 per
1305 2716 1479 2802 plebanum
1503 2714 1560 2779 de-

363 2821 441 2886 bent
470 2823 561 2885 iuxta
584 2819 762 2906 predictam
786 2819 1042 2884 celebracionem
1065 2824 1212 2886 exerceri
1236 2831 1268 2885 et
1289 2820 1376 2886 idem
1398 2819 1559 2907 plebanus

364 2928 449 2991 socio
479 2927 609 2989 missam
639 2924 771 2989 babenti
802 2923 842 2989 de
874 2926 1017 3011 qualibet
1046 2929 1144 2990 missa
1177 2949 1237 2990 sex
1271 2925 1421 2990 denarios
1448 2925 1559 2990 Wien-

363 3053 480 3095 nenses
503 3031 685 3114 benigniter
706 3029 899 3094 ministrabit
921 3040 955 3093 et
976 3032 1002 3094 si
1024 3052 1087 3115 que
1110 3031 1229 3095 fuerint
1251 3030 1382 3095 residua
1404 3051 1561 3094 unacum

365 3137 454 3200 curia
484 3137 515 3200 in
548 3132 695 3220 Halpacb
727 3145 760 3198 et
790 3132 831 3197 de
854 3133 1037 3198 nemoribus
1059 3134 1154 3218 lignis
1177 3136 1306 3220 pascuis
1328 3144 1362 3198 et
1383 3136 1480 3218 agris,
1503 3134 1561 3198 illa

365 3240 482 3304 cedere
506 3239 627 3304 debent
649 3248 682 3303 et
703 3238 911 3325 pertinebunt
934 3238 1070 3323 plebano
1093 3261 1150 3325 pro
1174 3242 1239 3304 suis
1261 3237 1425 3304 laboribus
1449 3248 1481 3302 et
1499 3261 1561 3323 pro

369 3346 519 3427 expensis
542 3346 596 3407 uni
618 3343 836 3427 predictorum
859 3346 1018 3408 sociorum
1033 3343 1244 3429 porrigendis.
1277 3343 1323 3409 Ut
1337 3353 1444 3408 autem
1460 3343 1561 3408 dicta-

371 3469 442 3512 rum
466 3447 645 3512 celebracio
667 3450 836 3512 missarum
861 3458 896 3512 ut
917 3451 1110 3534 premittitur
1132 3450 1248 3533 iugiter
1270 3447 1470 3528 observetur,
1496 3459 1560 3513 sta·

365 3553 493 3632 tuimus,
517 3561 551 3616 ut
574 3553 599 3615 si
623 3551 779 3636 plebanus
803 3551 906 3616 dictos
929 3552 1079 3617 denarios
1102 3574 1166 3617 non
1190 3555 1375 3638 exposuerit
1390 3563 1422 3616 et
1437 3574 1480 3617 ex
1494 3551 1560 3617 hoc

366 3657 461 3720 misse
490 3656 610 3720 fuerint
631 3656 788 3742 neglecte,
813 3658 965 3742 quociens
988 3656 1146 3743 plebanus
1169 3656 1230 3721 boc
1253 3656 1376 3740 fecerit,
1399 3656 1502 3721 solvet
1525 3667 1560 3722 et
1675 3719 1676 3722 ,

365 3759 456 3825 dabit
487 3760 609 3844 prefate
640 3760 775 3825 ecclesie
805 3783 904 3826 unam
930 3760 1046 3826 libram
1070 3783 1153 3826 cere.
1186 3762 1220 3828 si
1243 3771 1351 3827 autem
1373 3761 1486 3847 aliquis
1510 3783 1558 3825 so
1675 3757 1676 3826 l

367 3867 488 3929 ciorum
512 3865 613 3930 dictos
637 3865 784 3930 denarios
808 3869 969 3953 receperit
992 3878 1024 3931 et
1045 3869 1158 3933 missas
1180 3889 1245 3931 non
1263 3866 1387 3951 legerit,
1404 3869 1559 3953 quociens

366 3969 557 4054 neglexerit,
580 3972 683 4034 eciam
705 3994 803 4035 unam
826 3971 943 4036 libram
967 3994 1042 4036 cere
1065 3970 1201 4037 ecclesie
1224 3971 1314 4038 dabit
1336 3972 1496 4037 antedicta
1525 3982 1560 4036 et

365 4075 392 4138 si
422 4073 542 4138 vellent
571 4073 753 4139 huiusmodi
783 4076 1020 4161 negligenciam
1049 4078 1235 4141 continuare
1266 4098 1325 4141 seu
1351 4079 1479 4159 iterare,
1501 4100 1558 4141 ex-

365 4188 442 4243 tunc
466 4178 553 4243 dicta
574 4178 776 4263 negligencia
799 4179 909 4245 diatim
932 4182 965 4245 in
988 4203 1103 4266 penum
1127 4180 1389 4266 augmentabitur
1416 4179 1558 4267 duplica·

364 4293 440 4349 tam.
472 4284 626 4349 Preterea
647 4285 673 4346 si
696 4283 854 4370 plebanus
879 4295 911 4350 et
933 4288 1010 4350 socii
1032 4284 1170 4372 predicti
1192 4287 1226 4350 in
1247 4285 1365 4352 talibus
1393 4284 1557 4372 negligen-

367 4390 424 4454 ciis
450 4388 572 4454 vellent
597 4387 658 4453 sub
686 4386 791 4454 colore
819 4389 1058 4474 quomodolibet
1080 4390 1288 4474 concordare,
1311 4402 1388 4456 tunc
1410 4392 1558 4477 provisor

367 4612 432 4667 678.
470 4626 483 4649 ⁸
500 4617 531 4667 A.

469 4719 478 4748 ¹
497 4737 535 4768 nr.
556 4722 614 4770 647.
