3400 5350
372 377 436 444 772

371 580 537 637 reservata
567 580 675 637 tamen
707 569 748 636 de
778 569 937 636 fructibus
966 568 1147 635 redditibus
1176 579 1209 634 et
1233 568 1452 656 proventibus
1479 570 1599 655 ipsius

372 675 508 742 ecclesie
530 698 589 763 pro
611 684 768 763 perpetuo
791 676 912 740 vicario
935 674 1015 740 inibi
1035 684 1192 762 perpetuo
1211 673 1409 740 instituendo
1426 696 1597 759 congrua

372 782 527 868 portione,
552 778 593 845 de
616 802 681 867 qua
703 800 847 865 congrue
870 781 1053 863 sustentari,
1076 778 1271 866 episcopalia
1292 780 1364 844 iura
1385 777 1527 844 solvere
1557 788 1597 842 et

372 885 434 951 alia
464 884 526 950 sibi
554 883 774 950 incumbentia
804 905 905 949 onera
927 882 1095 948 commode
1117 882 1226 948 valeat
1247 892 1451 970 supportare.
1504 882 1594 948 Non

373 988 574 1055 obstantibus
596 990 623 1053 si
646 987 744 1075 aliqui
766 1010 865 1075 super
885 986 1122 1075 provisionibus
1144 986 1206 1053 sibi
1227 987 1386 1053 faciendis
1402 986 1446 1053 de
1466 987 1593 1052 huius

372 1094 461 1161 modi
486 1094 540 1160 vel
567 1093 637 1159 aliis
664 1093 831 1159 beneficiis
854 1092 1081 1159 ecclesiasticis
1103 1094 1136 1157 in
1158 1092 1219 1158 illis
1240 1091 1386 1180 partibus
1410 1091 1593 1179 speciales

372 1199 426 1265 vel
455 1198 626 1286 generales
656 1196 829 1285 apostolice
859 1196 945 1263 sedis
975 1197 1029 1263 vel
1060 1198 1240 1284 legatorum
1268 1199 1336 1263 eius
1363 1195 1495 1262 litteras
1524 1201 1592 1263 im·

373 1306 581 1392 patraverint,
612 1305 736 1369 etiamsi
766 1324 826 1389 per
856 1324 911 1368 eas
942 1301 985 1367 ad
1014 1301 1237 1368 inhibitionem
1259 1305 1526 1367 reservationem
1552 1315 1592 1369 et

374 1409 541 1475 decretum
569 1408 622 1473 vel
652 1407 733 1473 alias
762 1405 1003 1494 quomodolibet
1032 1408 1073 1472 sit
1102 1429 1300 1494 processum,
1330 1429 1412 1494 quas
1437 1406 1590 1493 quidem

373 1513 495 1579 litteras
518 1522 550 1578 et
571 1533 742 1599 processus
764 1510 891 1576 habitos
914 1534 974 1598 per
996 1510 1129 1577 easdem
1143 1510 1186 1577 ad
1201 1510 1379 1598 predictam
1396 1509 1590 1576 ecclesiam

374 1617 521 1683 volumus
536 1638 601 1682 non
617 1614 760 1700 extendi,
784 1615 843 1681 sed
858 1614 981 1681 nullum
997 1639 1056 1703 per
1070 1615 1132 1681 boc
1148 1618 1194 1681 eis
1210 1614 1317 1703 quoad
1331 1618 1589 1681 assecutionem

375 1722 605 1788 beneficiorum
626 1720 762 1786 aliorum
784 1718 999 1807 preiudicium
1020 1723 1171 1806 generari
1194 1730 1227 1785 et
1245 1718 1443 1807 quibuslibet
1457 1719 1587 1785 litteris

374 1825 581 1911 indulgentiis
602 1836 634 1890 et
655 1825 830 1912 privilegiis
853 1823 1035 1911 apostolicis
1058 1823 1265 1911 generalibus
1287 1823 1341 1889 vel
1362 1824 1585 1910 specialibus,

375 1953 641 2019 quorumcunque
671 1939 820 1996 tenorum
849 1932 1000 2015 existant,
1030 1952 1090 2017 per
1113 1952 1177 2017 que
1200 1928 1403 2016 presentibus
1427 1950 1499 1994 non
1523 1951 1585 1995 ex-

374 2058 487 2123 pressa
517 2035 570 2100 vel
598 2033 738 2100 totaliter
766 2057 831 2100 non
853 2035 975 2100 inserta
997 2034 1133 2099 effectus
1155 2056 1267 2099 earum
1288 2033 1440 2121 impediri
1462 2033 1585 2101 valeat

375 2138 614 2228 quomodolibet
635 2138 689 2204 vel
712 2137 834 2204 differri
857 2148 891 2203 et
910 2137 950 2204 de
966 2138 1083 2225 quibus
1098 2160 1300 2225 quorumque
1314 2140 1387 2203 16116
1401 2138 1583 2205 tenoribus

376 2244 417 2311 de
447 2243 547 2309 verbo
577 2243 620 2309 sd
649 2242 787 2309 verbnm
817 2242 931 2309 baberi
962 2242 1082 2309 debeat
1109 2246 1143 2308 in
1172 2244 1289 2309 nostris
1313 2241 1427 2308 litteris
1449 2247 1581 2309 mentio

376 2347 534 2436 specialis.
579 2347 647 2414 Nos
677 2350 762 2413 enim
793 2370 835 2413 ex
867 2371 955 2414 nunc
981 2349 1107 2414 irritum
1130 2346 1334 2414 decernimus
1357 2356 1389 2412 61
1409 2349 1525 2432 16666,
1549 2351 1580 2413 si

377 2475 471 2518 secus
493 2474 591 2539 super
613 2450 674 2517 biis
696 2475 716 2518 a
739 2473 901 2539 quoquam
924 2454 1039 2539 quavis
1054 2454 1244 2518 auctoritate
1259 2454 1399 2518 scienter
1412 2451 1468 2517 vel
1484 2454 1579 2539 igno

376 2566 486 2623 ranter
508 2558 678 2642 contigerit
698 2558 892 2643 attemptari.
925 2555 1014 2622 Nulli
1037 2579 1115 2643 ergo
1137 2558 1265 2622 omnino
1286 2556 1453 2622 hominum
1473 2556 1580 2623 liceat

377 2660 463 2727 hanc
491 2663 644 2749 paginam
673 2669 782 2727 nostre
813 2662 1079 2748 incorporationis
1112 2662 1311 2728 annectionis
1339 2662 1467 2727 unionis
1499 2684 1579 2728 con·

378 2768 548 2832 stitutionis
570 2776 603 2831 et
623 2765 796 2833 voluntatis
812 2767 988 2852 infringere
1004 2766 1056 2832 vel
1072 2768 1101 2832 ei
1117 2789 1198 2832 ausu
1213 2769 1384 2833 temerario
1399 2769 1578 2833 contraire.

378 2870 412 2937 Si
435 2871 506 2957 quis
529 2880 637 2937 autem
656 2870 718 2936 hoc
733 2879 926 2958 attemptare
941 2873 1183 2958 presumpserit,
1206 2870 1458 2957 indignationem
1474 2875 1578 2937 omni·

377 2978 516 3062 potentis
539 2974 591 3041 dei
615 2985 648 3042 61
668 2975 838 3041 beatorum
858 2975 946 3042 Petri
969 2984 1002 3041 et
1015 2974 1108 3041 Pauli
1130 2974 1346 3062 apostolorum
1367 2977 1436 3040 eius
1460 2998 1497 3041 se
1522 2999 1577 3042 66

379 3083 462 3146 66611
483 3083 695 3147 incursurum.
741 3081 864 3146 Datum
886 3081 988 3147 Rome
1015 3079 1104 3168 apud
1127 3080 1282 3148 Sanctum
1303 3081 1436 3146 Petrum
1458 3081 1576 3147 XIIII.

378 3184 538 3251 kalendas
561 3183 752 3270 decembris,
775 3185 980 3271 pontificatus
1002 3187 1102 3251 nostri
1124 3208 1209 3251 enno
1231 3198 1354 3253 octavo.

421 3393 500 3463 858.
1099 3401 1182 3459 1111
1197 3401 1362 3460 November
1376 3400 1428 3467 27,
1445 3402 1531 3461 11666.

379 3568 482 3652 Popst
505 3569 650 3652 Bonifas
672 3567 740 3634 IX.
765 3573 851 3652 16191
880 3569 950 3634 dem
971 3568 1122 3653 Bs'scbofe
1143 3568 1245 3653 Georp
1266 3589 1327 3634 666
1348 3568 1477 3636 Passus
1500 3574 1573 3654 aus,
1674 3599 1675 3650 3

379 3675 440 3739 deo
467 3673 599 3739 Joteaa
627 3694 689 3738 666
714 3673 927 3758 Rolreadorf,
957 3673 1091 3739 welches
1120 3695 1155 3739 er
1183 3675 1242 3739 mit
1265 3674 1490 3757 Zustimmunp
1520 3676 1575 3741 de
1674 3687 1675 3760 ,

381 3777 552 3847 Consentes
577 3797 639 3842 666
661 3777 815 3861 61116619
840 3798 915 3843 som
936 3778 1018 3844 Abte
1044 3778 1179 3845 16661161
1205 3777 1336 3843 erboben
1361 3778 1428 3860 bot,
1457 3780 1495 3844 in
1517 3780 1574 3846 der

595 3881 799 3966 Verwultonp
820 3883 920 3948 661666
941 3884 1051 3949 Amter
1072 3904 1114 3949 so
1135 3888 1358 3949 6616611666.

484 4040 557 4107 orig.
571 4038 615 4106 (a)
634 4041 670 4090 sm
689 4039 792 4107 issigi.
809 4039 950 4090 66666.
968 4040 1136 4090 serenares.
1154 4057 1177 4091 ι.
1193 4040 1329 4091 manaen
1347 4037 1447 4108 (signe
1466 4040 1572 4094 masor
1674 4007 1675 4098 ἒ

381 4129 524 4195 Gettweig,
542 4127 648 4177 Fasciis.
662 4128 685 4191 1,
703 4127 776 4191 XVI,
794 4127 837 4189 88,
856 4126 892 4193 2).
911 4127 988 4194 Porg.
1025 4127 1160 4179 Bleibnlle
1178 4142 1215 4179 an
1232 4127 1412 4178 Hanfscbnur.

484 4251 540 4302 Aut
559 4250 619 4301 dem
643 4251 718 4318 Bnge
740 4251 829 4302 rccbts
850 4251 887 4301 ist
908 4266 961 4301 von
983 4250 1031 4301 166
1052 4250 1087 4300 Η.
1106 4250 1153 4300 166
1171 4248 1404 4300 Urk-Schreibers
1427 4251 1570 4303 vermsrlrt:

377 4355 429 4406 pro
447 4337 480 4390 L.
496 4337 528 4389 de
548 4337 673 4403 For-imm
697 4338 835 4390 darunter:
854 4337 890 4389 Io.
909 4337 1010 4404 Vobis,
1034 4337 1105 4388 links
1127 4341 1207 4388 nnter
1228 4337 1289 4388 dem
1307 4337 1449 4422 Buge=am
1466 4338 1569 4390 Raude:

382 4476 541 4543 Dwsrutstq
559 4477 652 4530 weiter
670 4479 795 4529 61661616
811 4494 865 4528 666
882 4476 1003 4545 gleichsr
1020 4477 1056 4528 H.
1067 4477 1115 4528 166
1132 4476 1370 4529 Kostenvsrmerkr
1384 4442 1424 4563 ἔς
1448 4476 1571 4530 1666166

386 4582 415 4634 l'.
433 4581 527 4646 uase
555 4581 696 4634 1116661666
722 4583 759 4637 Io.
774 4583 866 4635 locust.
901 4582 958 4634 Aut
976 4582 1024 4635 der
1045 4582 1191 4634 Rtlckseite
1214 4582 1261 4633 166
1282 4583 1569 4649 Begistraturvsrmerlr

382 4668 483 4719 66116
503 4669 616 4720 diesem:
636 4672 691 4723 J).
