3400 5350
360 367 425 433 teo

360 560 453 611 linlren
475 561 574 613 obaren
597 562 685 615 Ecba:
716 561 754 626 03
781 563 809 613 ln
832 563 881 615 der
902 563 1011 615 rechten
1033 564 1132 616 oberen
1150 564 1236 616 Ecke:
1265 565 1312 630 893
1339 566 1369 615 in
1392 563 1444 616 der
1462 564 1569 615 linken

359 652 471 699 unteren
490 649 577 700 Eclrs:
597 676 619 718 9.

461 804 700 890 {Bonifatiusg
722 807 903 893 episcopus,
925 828 1040 871 servus
1062 828 1229 871 servorum
1252 805 1314 888 dei,
1338 805 1468 872 dilectis
1485 807 1566 871 filiis

360 907 535 976 ..abbati
566 920 599 976 et
627 912 800 977 conventui
829 911 1014 977 monasterii
1035 910 1266 978 Chotwicensis
1297 910 1418 975 ordinis
1451 912 1565 975 sancti

359 1012 528 1080 Benedicti
550 1015 753 1080 Pataviensis
776 1016 913 1082 diocesis
935 1015 1072 1081 salutem
1087 1027 1120 1082 et
1133 1015 1341 1102 apostolicam
1355 1014 1564 1081 benedictio

359 1139 443 1183 nem.
475 1116 564 1184 Solet
578 1141 721 1185 annuere
738 1119 834 1186 sedes
849 1119 1024 1207 apostolica
1039 1122 1099 1206 piis
1121 1122 1202 1185 votis
1225 1130 1258 1185 et
1278 1119 1420 1185 honestis
1445 1130 1562 1206 peten-

359 1223 438 1287 tium
458 1309 460 1312 y
467 1221 618 1308 precibus
649 1222 795 1289 favorem
822 1222 1006 1291 benivolum
1028 1226 1192 1310 impertiri.
1238 1225 1420 1311 Eapropter
1445 1223 1564 1289 dilecti

358 1328 391 1391 in
422 1325 551 1391 domino
580 1327 637 1392 filii
664 1330 780 1393 vestris
801 1330 892 1394 iustis
914 1328 1186 1415 postulacionibus
1207 1339 1299 1415 grato
1321 1339 1564 1394 concurrentes

358 1453 493 1496 assensu
516 1454 627 1498 omnes
646 1431 810 1498 libertates
825 1442 858 1498 et
872 1434 1088 1499 immunitates
1103 1456 1123 1499 a
1136 1432 1420 1521 predecessoribus
1437 1436 1563 1497 nostris

359 1536 511 1601 Romanis
540 1537 746 1624 pontificibus
775 1538 844 1603 sive
868 1560 928 1624 per
954 1538 1123 1625 privilegia
1148 1537 1202 1602 vel
1229 1537 1308 1603 alias
1334 1536 1562 1622 indulgentias

358 1639 451 1705 vobis
481 1652 514 1709 et
543 1644 735 1709 monasterio
765 1652 875 1707 vestro
905 1664 1078 1709 concessas
1104 1664 1232 1708 necnon
1253 1642 1418 1708 libertates
1443 1654 1477 1706 et
1501 1664 1562 1708 ex-

360 1748 535 1831 emptiones
566 1745 759 1812 secularium
790 1749 997 1813 exactionum
1028 1771 1049 1812 a
1077 1747 1239 1833 regibus·
1268 1745 1470 1833 principibus
1502 1747 1561 1812 vel

359 1849 429 1916 aliis
451 1850 570 1917 Obristi
592 1851 742 1917 fidelibus
765 1852 996 1918 rationabiliter
1017 1852 1110 1918 vobis
1133 1861 1165 1917 et
1187 1853 1379 1920 monasterio
1406 1851 1561 1938 predicto

358 1954 509 2039 indultas,
540 1958 624 2021 sicut
654 1979 709 2022 eas
740 1959 822 2022 iuste
846 1967 879 2022 et
900 1957 1036 2043 pacifice
1059 1955 1218 2041 obtinetis,
1242 1956 1334 2022 vobis
1358 1966 1390 2022 et
1411 1978 1474 2042 per
1496 1979 1560 2021 vos

360 2058 467 2125 eidem
500 2063 695 2127 monasterio
728 2064 919 2127 auctoritate
952 2060 1127 2148 apostolice
1160 2063 1386 2127 confirmemus
1419 2071 1454 2125 et
1482 2083 1560 2144 pre

359 2166 458 2230 sentis
488 2166 598 2250 scripti
629 2168 806 2250 patrocinio
836 2168 1080 2231 communimus.
1126 2166 1212 2230 Nulli
1243 2187 1319 2251 ergo
1347 2166 1478 2229 omnino
1500 2164 1560 2229 ho

360 2270 482 2335 minum
504 2268 600 2334 liceat
620 2269 706 2335 benc
728 2272 880 2356 paginam
902 2280 1010 2337 nostre
1033 2272 1281 2336 confirmationis
1303 2269 1481 2355 infringere
1499 2269 1558 2334 vel

361 2375 390 2438 ei
412 2396 494 2438 ausu
516 2376 686 2440 temerario
709 2378 878 2441 contraire.
903 2375 937 2441 Si
959 2378 1031 2463 quis
1053 2384 1163 2441 autem
1184 2374 1247 2440 hoc
1269 2382 1462 2460 attemptare
1481 2394 1559 2459 pre

360 2481 541 2566 sumpserit,
564 2478 817 2567 indignationem
840 2482 1062 2568 omnipotentis
1086 2479 1139 2544 dei
1161 2489 1194 2545 et
1219 2478 1387 2544 beatorum
1410 2478 1499 2542 Petri
1525 2486 1561 2541 et

359 2584 453 2649 Pauli
482 2585 697 2671 apostolorum
728 2587 797 2650 eius
820 2608 855 2650 se
878 2587 1003 2650 noverit
1024 2587 1238 2650 incursurum.
1284 2580 1428 2648 Datumb
1450 2582 1559 2647 Rome

359 2689 447 2777 apud
470 2690 627 2757 Sanctum
649 2692 782 2757 Petrum
803 2691 913 2755 XVII.
931 2690 1089 2756 kalendas
1111 2692 1197 2774 maii,
1220 2689 1423 2776 pontificatus
1453 2691 1559 2752 nostri

359 2817 445 2861 anno
466 2816 579 2882 pnmo.

402 3023 478 3091 813.
1165 3025 1509 3100 inconpertam-1.

361 3196 465 3279 Papst
479 3196 623 3279 Bonifna
638 3195 701 3261 IX.
718 3196 865 3279 bestdtipt
879 3195 948 3259 dem
964 3195 1062 3276 Stifle
1075 3193 1229 3277 Gottweip
1243 3194 1327 3259 scine
1341 3191 1559 3276 Besitecnqen

272 3301 276 3306 ’
621 3302 689 3367 und
711 3302 824 3366 nimmt
847 3321 879 3365 es
901 3301 936 3366 in
958 3300 1065 3365 seium
1087 3298 1204 3364 Solate
1225 3299 1294 3381 anf.

465 3477 537 3544 Orig.
560 3475 615 3546 (A),
637 3476 712 3542 Perg.
756 3476 808 3526 Die
832 3474 968 3526 Bleibnlle
992 3490 1027 3525 an
1050 3476 1126 3525 einer
1153 3474 1322 3540 roth-gelben
1346 3473 1558 3537 Seidenscbnnr3

360 3563 444 3630 copie
462 3565 491 3615 in
509 3563 607 3615 Codc
629 3564 646 3615 i.
659 3560 721 3614 312'
739 3562 792 3630 (B).

464 3686 521 3735 Aul
541 3686 587 3737 der
609 3686 782 3737 Aussenseita
803 3686 851 3737 des
873 3686 962 3751 Buges
985 3685 1073 3735 rechts
1095 3685 1131 3735 ist
1152 3683 1199 3735 der
1221 3684 1306 3734 Nemo
1332 3683 1379 3734 dec
1400 3682 1558 3734 Schneibars

361 3774 509 3839 vermerkt3
539 3774 571 3827 G.
593 3772 726 3840 Grepcrtc'3
745 3773 817 3826 ltnka
835 3777 914 3824 unter
932 3771 993 3824 dem
1012 3773 1100 3840 Bugez
1118 3771 1203 3836 Apos'l,
1223 3770 1356 3822 Γνωισὺο.
1369 3796 1385 3841 9
1397 3773 1441 3831 (=
1454 3786 1558 3835 conpu-

361 3865 449 3926 taott);
468 3861 583 3913 dartlber
600 3860 648 3911 der
665 3861 905 3912 Kostenvermerk:
925 3882 966 3912 =.
989 3859 1045 3910 Ans
1060 3858 1107 3909 der
1124 3858 1269 3908 Rttckseita
1286 3858 1315 3908 in
1334 3856 1381 3907 der
1398 3857 1490 3908 uicto:
1504 3873 1558 3923 pro

361 3952 514 4001 monasterio
534 3948 714 4013 Θιαιοίοωυίς
733 3947 761 3998 in
780 3946 827 3997 der
844 3947 924 3997 Mitte
941 3946 989 3997 des
1007 3946 1105 3997 cheren
1118 3944 1237 3996 Randes:
1255 3943 1291 3994 Io.
1305 3944 1443 4006 &eandm
1461 3944 1490 3993 in
1509 3941 1560 3993 der

361 4038 455 4088 linken
478 4038 578 4089 oberen
602 4035 691 4087 Eclre:
723 4033 758 4099 <33
788 4036 816 4084 in
839 4034 887 4085 der
911 4033 1021 4085 rechten
1039 4035 1138 4085 oberen
1155 4032 1243 4083 Eclre:
1272 4031 1323 4097 893
1348 4033 1377 4081 in
1396 4030 1443 4081 der
1460 4029 1557 4081 linksn

361 4129 474 4175 nnteren
493 4123 582 4175 Eclte:
597 4149 620 4196 9.

465 4262 706 4349 {Bonifatius}
728 4263 909 4348 episcopus,
933 4281 1048 4324 servus
1070 4279 1237 4324 servorum
1258 4255 1321 4339 dei,
1345 4254 1468 4320 dilectis
1483 4253 1559 4320 filiis

364 4367 540 4434 ..abbati
571 4376 604 4432 et
634 4367 805 4433 conventui
837 4365 1020 4431 monasterii
1042 4362 1274 4430 Chotwicensis
1303 4358 1424 4426 ordinis
1453 4361 1559 4423 sancti

363 4574 429 4631 812.
468 4587 482 4612 ⁸
499 4577 580 4644 Folgt
601 4578 663 4628 eine
685 4575 777 4626 kleine
798 4574 895 4635 Bascr,
918 4571 1002 4623 durch
1025 4571 1128 4624 welche
1149 4572 1193 4622 ein
1215 4569 1303 4622 Stricb
1324 4583 1445 4637 gesogen
1462 4570 1505 4620 ist
1526 4596 1558 4608 -·

363 4667 376 4700 δ
394 4665 450 4716 Das
469 4662 606 4730 Folgende
623 4664 660 4713 ist
676 4663 704 4712 in
724 4661 859 4712 lrleinerer
877 4659 932 4710 nnd
949 4658 1140 4727 gedringterer
1156 4656 1258 4710 Schritt
1273 4656 1458 4724 geschrieben
