3400 5350
371 415 433 480 118

369 633 444 675 cum
473 608 616 674 fraterne
646 607 825 672 dilectionis
856 607 985 671 affeetu.
1032 607 1217 671 Innotesoat
1247 604 1432 670 discretioni
1454 613 1560 669 vestre

370 736 428 779 nos
458 714 580 779 litteras
611 722 643 777 et
672 712 862 777 mandatum
892 712 1101 799 apostolicum
1130 711 1293 796 recepisse
1323 711 1355 774 in
1385 710 1472 774 hunc
1500 732 1561 774 mo-

371 818 461 883 dum:
496 818 577 904 folgt
608 841 657 882 nr.
683 816 746 881 106
780 815 926 881 wortlich
959 817 1116 881 inseriert.
1162 814 1325 880 Mendetis
1358 816 1457 900 igitur
1490 835 1562 899 apo

370 922 488 987 stolicis
519 924 679 987 contraire
710 943 773 986 non
804 920 962 985 audentes
991 943 1059 1004 vos,
1090 929 1126 985 ut
1154 920 1196 984 ad
1219 918 1483 1006 respondendum
1506 941 1564 1004 per

369 1049 427 1092 vos
457 1027 510 1092 vel
539 1049 598 1113 per
627 1023 846 1111 responsalem
870 1025 1068 1090 sufficienter
1090 1027 1281 1089 instructum
1303 1027 1416 1089 venire
1439 1025 1562 1109 possitis

369 1134 483 1218 parati,
514 1130 598 1195 diem
631 1140 664 1196 et
693 1129 798 1195 locum
828 1132 861 1193 iu
892 1130 1004 1194 maiori
1034 1128 1172 1194 ecclesia
1195 1127 1373 1215 Salzpvrch
1403 1129 1435 1192 in
1458 1126 1563 1211 vigilia

370 1235 522 1300 Iohannis
546 1235 685 1320 baptiste
707 1234 800 1299 vobis
823 1236 1038 1319 peremptorie
1055 1233 1250 1319 prefigimus
1282 1232 1328 1297 Ut
1343 1240 1451 1296 autem
1467 1253 1564 1317 super
1683 1297 1684 1302 ,

371 1339 533 1423 dilatoriis,
561 1361 625 1425 que
652 1339 853 1424 frequentius
881 1338 1008 1403 labores
1035 1337 1248 1424 multiplicant
1271 1347 1303 1401 et
1325 1357 1498 1423 expensas,
1521 1337 1564 1399 iu·

371 1443 505 1508 dicioris
532 1442 742 1529 provideatur
771 1445 972 1526 auctoritate,
1003 1441 1152 1528 predium
1174 1441 1347 1508 Swarzacb
1379 1439 1502 1504 dictum
1532 1441 1562 1502 in

369 1551 526 1634 peticione
557 1547 647 1613 vobis
669 1547 877 1633 specificatur
898 1547 987 1612 salvo
1009 1549 1079 1612 iure
1107 1545 1249 1612 addendi
1271 1545 1325 1610 vel
1353 1543 1562 1610 diminuendi.

417 1810 495 1879 1011.
814 1811 912 1893 [1233
929 1815 999 1872 1001
1016 1814 1270 1873 23-Νο000100
1285 1814 1336 1879 23,
1352 1809 1523 1890 Soletum]

371 2002 439 2069 Der
466 2001 578 2068 Decea
605 1998 757 2086 001000),
785 2001 841 2066 der
868 2001 1051 2067 Uesauror
1077 2000 1236 2084 H(olrold)
1264 2001 1333 2065 uad
1362 2000 1419 2065 der
1446 1998 1566 2066 Curatur

371 2106 551 2192 D(ietmer)
582 2108 635 2171 des
656 2105 875 2189 Domcupitels
903 2105 1143 2188 condolebam
1173 2105 1355 2171 bestimmea
1384 2104 1456 2169 dem
1486 2105 1565 2169 Abte

371 2211 527 2278 Heinrich
556 2210 604 2276 II.
628 2211 689 2276 deu
718 2215 771 2278 29.
795 2211 969 2276 November
998 2211 1047 2275 als
1076 2212 1206 2275 eweiten
1236 2209 1364 2274 Termino
1397 2229 1472 2273 aum
1502 2208 1565 2273 Er·

772 2315 918 2381 seheineu
939 2316 975 2380 iu
997 2313 1163 2397 Soleburp.

476 2492 549 2558 Orig.
570 2488 614 2560 (A)
633 2492 710 2557 Perg.
729 2490 926 2557 lenchtfleckig.
962 2491 1028 2541 Drei
1039 2489 1129 2556 Siegel
1148 2506 1183 2541 an
1202 2488 1418 2555 Pera-strenam
1437 2487 1523 2554 copie
1539 2489 1567 2537 in

373 2579 436 2632 (lod.
453 2578 475 2630 0
492 2579 511 2629 1.
527 2579 577 2629 134
596 2575 648 2646 (B).

476 2683 582 2745 stin,
601 2686 652 2736 302
671 2699 710 2735 nr.
723 2685 757 2733 36
776 2699 810 2733 au
830 2684 906 2733 1233.

476 2807 568 2858 Durcb
586 2807 629 2858 die
647 2806 759 2871 Angabe
776 2805 823 2856 des
841 2807 955 2857 aveitsn
972 2804 1238 2865 citationsterrnines‚
1256 2801 1375 2853 ntmlich
1394 2802 1441 2852 des
1459 2803 1502 2853 29.
1515 2802 1566 2852 No·

373 2896 483 2946 vember
495 2897 571 2956 1233,
590 2896 623 2945 ist
641 2911 670 2946 es
688 2893 856 2959 ermttglicht
875 2892 919 2943 die
931 2891 1106 2958 Ausstellung
1122 2891 1210 2941 dieser
1222 2888 1353 2941 Urkunde
1371 2888 1506 2939 zwiscben
1524 2887 1567 2937 die

372 2982 471 3034 beiden
489 2983 616 3034 Termine
634 2982 780 3033 massoni
794 2981 827 3031 23
847 2995 873 3031 0.
891 2980 959 3030 Nov.
973 2981 1006 3030 29
1025 2985 1194 3030 annusetaen.

477 3155 621 3244 C(hvno)
652 3155 706 3221 dei
736 3158 839 3241 gratia
870 3154 1025 3237 decanus,
1056 3152 1254 3240 H(oholdus)
1284 3161 1391 3217 custos
1422 3160 1455 3216 et
1484 3149 1566 3237 D(it·

373 3260 495 3348 marus)
520 3270 640 3345 cantor,
664 3259 929 3347 salzburgenses,
953 3257 1077 3324 iudices
1096 3281 1117 3322 a
1131 3256 1208 3323 sede
1231 3255 1406 3343 apostolica
1427 3254 1566 3339 delegati

373 3365 552 3429 venerabili
582 3368 613 3430 in
636 3365 762 3432 Christo
794 3363 923 3428 domino
954 3374 986 3429 et
1015 3363 1105 3427 fratri
1134 3361 1243 3426 abbati
1266 3360 1497 3427 Chotvvicensi
1520 3381 1566 3423 sa-

373 3468 475 3534 lutem
505 3478 538 3534 et
568 3470 727 3534 orationes
756 3471 789 3533 in
820 3468 959 3533 dominc.
1005 3466 1099 3531 Licet
1128 3487 1205 3550 sepe
1236 3463 1419 3550 petentibus
1443 3466 1566 3528 nunciis

373 3577 488 3640 vestris
518 3572 665 3639 inducias
694 3572 786 3639 vobis
818 3574 1037 3638 concessimus
1060 3569 1300 3635 contradicente
1322 3578 1432 3634 tamen
1454 3566 1566 3633 edver-

375 3682 459 3744 sario
489 3687 598 3744 vestro
628 3678 807 3743 venerabili
829 3677 949 3743 abbate
973 3676 1014 3741 de
1038 3677 1109 3760 Rot,
1139 3675 1281 3762 pensatis
1304 3684 1413 3738 tamen
1435 3672 1567 3759 impedi·

375 3786 490 3848 mentis
527 3784 642 3848 vestris
676 3782 861 3868 legittimis⁸
899 3782 1033 3867 aliisque
1069 3780 1316 3844 circumstantiis
1350 3776 1565 3843 deferendum

374 3897 482 3953 vestre
505 3887 658 3952 duximus
680 3886 849 3970 honestati,
874 3885 933 3951 sed
956 3906 1042 3950 nune
1066 3907 1140 3949 cum
1161 3905 1281 3968 magna
1299 3883 1396 3968 peciit
1415 3883 1567 3946 instantia

378 3994 567 4058 constitutus
582 3990 792 4078 personaliter
815 4012 925 4056 coram
947 3989 1050 4073 nobis,
1073 3999 1109 4054 ut
1130 3986 1263 4053 tandem
1286 3986 1392 4051 denuo
1415 4007 1473 4051 vos
1496 4006 1567 4050 evo

375 4096 479 4162 cando
509 4095 552 4162 ad
582 4097 753 4180 negocium
783 4095 942 4160 accedere
974 4094 1191 4179 dignaremur.
1238 4090 1322 4157 (lum
1351 4092 1457 4176 igitur,
1487 4092 1569 4154 sicut

375 4204 484 4285 nostis,
516 4222 649 4266 causam
671 4222 735 4266 non
764 4201 924 4287 possimus
955 4198 1092 4285 amplius
1122 4219 1307 4284 prorogare,
1338 4217 1395 4260 vos
1425 4194 1469 4259 ad
1499 4216 1567 4280 pre·

373 4427 438 4483 108.
457 4428 597 4481 desselben
623 4428 708 4479 durch
730 4427 849 4494 Rudiger
876 4443 928 4478 von
952 4426 1070 4490 Radeck‚
1097 4425 1189 4476 frtther
1211 4424 1322 4476 Bischof
1341 4439 1395 4474 von
1417 4422 1570 4484 chiemsee,

375 4519 442 4568 1233
464 4517 531 4568 Juni
549 4516 581 4566 27
606 4516 650 4567 die
672 4514 862 4582 nothwendige
885 4515 1062 4581 Besttttigung
1084 4514 1183 4564 saitem
1206 4512 1253 4563 des
1275 4512 1407 4563 Passauer
1430 4510 1573 4561 Bischofes

374 4603 451 4654 nicht
468 4602 558 4655 finden
576 4602 685 4655 konnte.

374 4704 439 4759 109.
478 4716 491 4740 ⁸
510 4708 540 4757 A.
