3400 5350
1310 432 1372 497 183

227 616 303 683 171.
961 628 1045 685 1286
1061 630 1132 686 Just
1147 630 1199 697 25,
1217 631 1333 688 Krems.

183 807 251 873 Der
272 807 486 874 Stodtrichter
512 810 659 892 Irafried
689 833 731 876 aa
753 810 870 876 Krems
899 812 967 876 und
996 813 1052 877 der
1078 813 1169 879 Rata
1197 815 1253 880 der
1280 816 1376 881 Stodt

180 911 273 977 Stolo
301 913 505 978 beurbuoden
533 915 603 979 dem
629 915 727 997 scisse
756 915 910 999 Gottweiy
940 918 1049 982 descen
1078 918 1157 984 alas
1186 919 1295 998 Reclst,
1330 922 1375 984 im

182 1016 350 1099 Stistslsofe
374 1038 415 1081 su
438 1018 530 1084 Saos
554 1019 699 1100 jalaleet
727 1024 771 1087 20
793 1019 904 1085 Foster
926 1020 1018 1086 Wein
1047 1023 1083 1086 io
1112 1022 1245 1087 kleinom
1267 1024 1376 1089 Messe

182 1121 445 1202 emanantes,
478 1124 547 1187 ond
575 1123 729 1204 erklorem
759 1144 820 1189 von
849 1125 920 1189 dem
948 1125 1118 1209 Stiftsltofe
1146 1127 1236 1192 taine
1264 1127 1377 1193 Steuer

182 1246 292 1291 ausam
320 1228 366 1290 im
387 1226 553 1308 Notbsalle
577 1249 636 1292 aar
656 1227 973 1311 Wiederlterstellano
994 1230 1052 1294 der
1074 1230 1285 1296 Stodtmoaer
1306 1232 1373 1295 eia·

629 1333 724 1398 beben
745 1354 786 1397 aa
807 1333 927 1399 wolton.

288 1526 359 1593 Orig.
386 1525 441 1595 (Δ),
467 1527 544 1593 Perg,
562 1505 652 1578 ⁸Zwsi
678 1527 768 1593 Siegel
794 1543 830 1579 en
858 1528 1077 1594 Psrg.·Streifeu;
1106 1529 1190 1596 Copia
1214 1530 1243 1579 in
1270 1528 1332 1579 Cod.
1354 1529 1376 1581 G

182 1613 200 1664 f.
219 1615 253 1664 29
271 1612 325 1680 (B).

287 1735 392 1797 Karlin,
409 1735 461 1785 334
478 1751 518 1785 nr.
531 1737 572 1785 66.

286 1908 358 1993 Ego
373 1907 535 1973 lrnfridus
557 1906 658 1972 index
681 1910 714 1972 in
730 1908 868 1973 Chrems
890 1918 923 1974 et
945 1910 1141 1975 universitas
1156 1911 1277 1975 civium
1293 1913 1376 1976 iura·

183 2023 288 2079 torum
316 2015 349 2077 in
377 2011 468 2078 Stsin
499 2013 660 2078 universis
691 2015 896 2099 presencium
926 2013 1107 2080 litterarum
1138 2016 1375 2101 inspectoribus

182 2118 380 2203 profitemur,
409 2117 496 2203 quod
525 2116 674 2183 dominus
697 2117 872 2183 Heinricus
900 2117 1093 2183 venerabilis
1116 2119 1217 2184 abbas
1240 2120 1376 2186 ecclesie

182 2221 417 2288 Ohbtwicensis
439 2221 573 2307 eiusque
596 2242 799 2288 successores
821 2225 1061 2309 imperpetuum
1084 2245 1125 2288 ex
1146 2226 1279 2310 antiquo
1293 2226 1374 2310 iure,

183 2324 271 2412 quod
298 2327 377 2411 ipsis
404 2334 437 2391 et
463 2346 521 2390 suo
548 2327 742 2391 monasterio
764 2328 1026 2411 recognoscimus
1049 2329 1192 2392 unanimi
1216 2350 1375 2394 consensu

181 2439 215 2496 et
244 2429 330 2495 bona
359 2429 526 2496 voluntate
555 2438 667 2495 nostra
696 2432 840 2495 omnium
862 2431 1048 2514 accedente,
1079 2431 1201 2496 habeut
1224 2441 1256 2497 et
1279 2432 1374 2497 habe·

183 2534 265 2600 bunt
294 2534 422 2620 plenam
452 2542 645 2620 potestatem
676 2534 840 2599 vendendi
870 2537 986 2620 viginti
1015 2538 1181 2602 carratas¹
1215 2539 1282 2602 vini
1316 2559 1376 2623 per

183 2639 366 2717 denariatas
400 2638 545 2725 singulas
579 2641 610 2704 in
646 2660 705 2705 sua
738 2642 829 2706 curia
863 2642 925 2705 sita
959 2642 992 2706 in
1026 2640 1117 2708 Stain
1155 2643 1242 2707 omni
1278 2665 1374 2724 anno,

182 2744 454 2833 quandocumque
480 2746 558 2831 ipsis
585 2743 751 2809 videbitur
778 2753 982 2831 oportunum.
1014 2745 1144 2811 Nullam
1167 2749 1300 2833 insuper
1323 2769 1375 2833 pe·

180 2852 269 2915 nitus
291 2860 433 2915 steuram
456 2848 498 2913 ab
520 2851 599 2935 ipsis
621 2850 822 2935 inposterum
844 2848 886 2913 de
908 2851 1132 2934 prenominata
1154 2853 1245 2916 curia
1270 2853 1374 2938 requi·

180 2965 299 3037 rentes,
330 2956 392 3020 nisi
423 2975 542 3038 magna
571 2963 605 3019 et
633 2954 793 3038 generalis
824 2956 1000 3019 necessitas
1031 2953 1073 3019 ad
1100 2956 1183 3019 muri
1208 2954 1374 3020 confirma·

182 3060 307 3124 cionem
335 3080 393 3145 pro
416 3059 579 3123 communi
601 3057 741 3123 utilitate
764 3057 825 3121 hoc
847 3056 1031 3143 expostulet
1053 3067 1086 3122 ct
1108 3059 1266 3144 requiram
1296 3067 1374 3123 tunc

180 3162 336 3250 quicquid
360 3163 554 3229 universitas
576 3183 635 3248 pro
659 3163 743 3227 muri
765 3163 1006 3227 restauracione
1029 3163 1152 3246 fecerit,
1183 3164 1216 3226 in
1239 3184 1373 3228 numero

182 3269 387 3333 comunitatis
409 3266 588 3334 secundum
611 3268 853 3332 estimacionem
876 3265 1012 3332 aliarum
1036 3266 1204 3332 domorum
1227 3268 1296 3353 ipse
1320 3266 1373 3331 do-

181 3374 288 3437 minus
310 3369 412 3436 abbas
435 3372 532 3436 faciet
555 3370 596 3435 de
619 3372 710 3436 ouria
731 3381 910 3455 prenotata.
941 3371 992 3437 Ne
1015 3372 1115 3455 igitur
1135 3392 1233 3456 super
1247 3370 1373 3456 prefato

180 3479 250 3543 iure
281 3478 313 3540 in
343 3486 508 3562 posterum
538 3476 647 3562 aliqua
676 3475 871 3560 ambiguitas
898 3474 1005 3540 valeat
1032 3475 1181 3557 suboriri,
1205 3484 1372 3561 presentes

180 3582 259 3668 ipsis
290 3580 405 3645 damus
434 3579 557 3645 litteras
590 3590 698 3645 nostro
729 3579 832 3665 sigillo
861 3579 1022 3665 personali
1050 3589 1083 3645 et
1105 3578 1209 3663 sigillo
1232 3580 1373 3643 civitatis

180 3687 212 3750 in
237 3685 328 3751 Stain
358 3686 535 3750 munimine
565 3683 742 3750 roboratas.
774 3685 888 3749 Testes
918 3683 1013 3749 huius
1036 3686 1083 3748 rei
1106 3693 1195 3749 sunt:
1224 3683 1373 3749 dominus

180 3789 337 3855 Rinoldus
365 3787 508 3853 decanus
531 3788 764 3872 Obremsensis,
792 3787 942 3854 dominus
964 3788 1138 3873 Pilgrimus
1166 3787 1207 3852 de
1230 3786 1373 3873 Capella,

181 3893 315 3959 ecclesie
338 3894 541 3958 Pataviensis
571 3894 754 3976 canonicus,
786 3893 936 3957 domiuus
960 3892 1157 3957 Wichardus
1181 3890 1373 3957 Heuslarius

181 3997 338 4084 plebanus
365 3997 407 4062 de
430 3996 616 4078 Hofsteten3
644 4000 721 4061 item
744 3995 986 4062 ministeriales:
1016 3995 1164 4062 dominus
1188 3994 1372 4081 Stephanus

179 4102 220 4167 de
243 4102 404 4185 Missowe,
426 4100 645 4166 marschalcus
667 4101 810 4185 Austris,
830 4100 985 4166 'dominns
1009 4099 1139 4166 Vlricus
1162 4100 1203 4165 de
1226 4098 1368 4185 Capella,

180 4363 240 4417 171.
279 4363 361 4415 ι11111
378 4363 467 4415 nuder
489 4363 580 4415 wurde
601 4363 769 4429 gewohnlich
792 4379 827 4414 su
849 4366 884 4414 30
900 4363 1012 4415 Eirnern
1029 4362 1181 4430 gersehnet,
1205 4378 1259 4413 war
1274 4360 1372 4427 jedoeh

180 4452 298 4503 rielfach
312 4451 342 4516 je
360 4450 429 4501 nach
448 4450 508 4501 dem
527 4450 740 4515 Ortsgebranche
758 4451 787 4501 in
805 4451 906 4502 seinem
926 4451 1040 4504 Gebalte
1057 4449 1238 4500 unbestimmt.
1262 4449 1297 4499 So
1315 4464 1372 4498 um·

180 4540 261 4589 fauste
283 4554 312 4588 es
334 4537 404 4589 nach
426 4536 479 4588 den
502 4537 608 4587 Melker
626 4537 749 4589 Urbaren
771 4540 806 4587 40
824 4537 924 4598 Eimer,
947 4537 1016 4589 nach
1039 4537 1127 4586 eiuem
1151 4536 1373 4587 Scitanstettener

181 4624 270 4676 codex
288 4627 321 4674 32
339 4624 394 4674 und
413 4623 482 4675 nach
504 4623 557 4674 den
575 4623 875 4689 Kammerrechnungsn
898 4640 952 4675 von
971 4623 1200 4687 Klostemeuburg
1221 4622 1372 4689 gleicbialla

181 4714 215 4763 82
232 4712 323 4764 Eimer
342 4709 521 4778 (lieiblinger,
539 4711 614 4761 Mellr
627 4711 648 4772 1,
667 4713 717 4762 307
736 4710 812 4761 Αηιιι.
828 4712 864 4777 1).
