<?xml version="1.0" encoding="UTF-8"?>
<!DOCTYPE html PUBLIC "-//W3C//DTD XHTML 1.0 Transitional//EN"
    "http://www.w3.org/TR/xhtml1/DTD/xhtml1-transitional.dtd">
<html xmlns="http://www.w3.org/1999/xhtml" xml:lang="en" lang="en">
 <head>
  <title>
</title>
<meta http-equiv="Content-Type" content="text/html;charset=utf-8" />
  <meta name='ocr-system' content='tesseract 3.04.00' />
  <meta name='ocr-capabilities' content='ocr_page ocr_carea ocr_par ocr_line ocrx_word'/>
</head>
<body>
  <div class='ocr_page' id='page_1' title='image "./fontesrerumaust01unkngoog_0055.png"; bbox 0 0 3400 5350; ppageno 0'>
   <div class='ocr_carea' id='block_1_1' title="bbox 367 418 410 482">
    <p class='ocr_par' dir='ltr' id='par_1_1' title="bbox 367 418 410 482">
     <span class='ocr_line' id='line_1_1' title="bbox 367 418 410 482; baseline -0.023 0"><span class='ocrx_word' id='word_1_1' title='bbox 367 418 410 482; x_wconf 82' lang='lat'><strong>30</strong></span> 
     </span>
    </p>
   </div>
   <div class='ocr_carea' id='block_1_2' title="bbox 365 608 1563 4434">
    <p class='ocr_par' dir='ltr' id='par_1_2' title="bbox 365 608 1563 4434">
     <span class='ocr_line' id='line_1_2' title="bbox 366 608 1557 696; baseline 0 -24"><span class='ocrx_word' id='word_1_2' title='bbox 366 618 533 693; x_wconf 83' lang='lat' dir='ltr'>gratanter</span> <span class='ocrx_word' id='word_1_3' title='bbox 555 610 735 696; x_wconf 79' lang='lat' dir='ltr'><strong>excipimus</strong></span> <span class='ocrx_word' id='word_1_4' title='bbox 759 618 791 674; x_wconf 91' lang='lat' dir='ltr'><strong>et</strong></span> <span class='ocrx_word' id='word_1_5' title='bbox 812 633 871 696; x_wconf 93' lang='lat' dir='ltr'><strong>per</strong></span> <span class='ocrx_word' id='word_1_6' title='bbox 894 611 996 675; x_wconf 91' lang='lat' dir='ltr'><strong>sancti</strong></span> <span class='ocrx_word' id='word_1_7' title='bbox 1019 612 1148 696; x_wconf 87' lang='lat' dir='ltr'><strong>spiritns</strong></span> <span class='ocrx_word' id='word_1_8' title='bbox 1170 611 1308 694; x_wconf 80' lang='lat' dir='ltr'>gratiam</span> <span class='ocrx_word' id='word_1_9' title='bbox 1332 608 1418 673; x_wconf 90' lang='lat' dir='ltr'><strong>sedis</strong></span> <span class='ocrx_word' id='word_1_10' title='bbox 1433 617 1557 694; x_wconf 89' lang='lat' dir='ltr'><strong>aposto-</strong></span> 
     </span>
     <span class='ocr_line' id='line_1_3' title="bbox 366 712 1557 794; baseline -0.001 -18"><span class='ocrx_word' id='word_1_11' title='bbox 366 712 426 789; x_wconf 82' lang='lat' dir='ltr'><strong>lice</strong></span> <span class='ocrx_word' id='word_1_12' title='bbox 449 715 624 778; x_wconf 80' lang='lat' dir='ltr'><strong>munimine</strong></span> <span class='ocrx_word' id='word_1_13' title='bbox 648 713 865 779; x_wconf 82' lang='lat' dir='ltr'><strong>confovemus.</strong></span> <span class='ocrx_word' id='word_1_14' title='bbox 901 723 956 779; x_wconf 87' lang='lat' dir='ltr'><strong>Per</strong></span> <span class='ocrx_word' id='word_1_15' title='bbox 972 723 1127 794; x_wconf 86' lang='lat' dir='ltr'><strong>pressantis</strong></span> <span class='ocrx_word' id='word_1_16' title='bbox 1146 722 1235 794; x_wconf 85' lang='lat' dir='ltr'><strong>igitur</strong></span> <span class='ocrx_word' id='word_1_17' title='bbox 1253 721 1397 794; x_wconf 83' lang='lat' dir='ltr'><strong>privilegii</strong></span> <span class='ocrx_word' id='word_1_18' title='bbox 1421 723 1557 793; x_wconf 82' lang='lat' dir='ltr'><strong>paginam</strong></span> 
     </span>
     <span class='ocr_line' id='line_1_4' title="bbox 366 825 1558 898; baseline -0.001 -18"><span class='ocrx_word' id='word_1_19' title='bbox 366 826 523 896; x_wconf 83' lang='lat' dir='ltr'><strong>apostolica</strong></span> <span class='ocrx_word' id='word_1_20' title='bbox 538 827 708 882; x_wconf 87' lang='lat' dir='ltr'><strong>auctoritate</strong></span> <span class='ocrx_word' id='word_1_21' title='bbox 723 827 885 898; x_wconf 78' lang='lat' dir='ltr'><strong>statuimus,</strong></span> <span class='ocrx_word' id='word_1_22' title='bbox 901 832 934 882; x_wconf 93' lang='lat' dir='ltr'><strong>ut</strong></span> <span class='ocrx_word' id='word_1_23' title='bbox 948 844 1119 898; x_wconf 77' lang='lat' dir='ltr'><strong>quecunque</strong></span> <span class='ocrx_word' id='word_1_24' title='bbox 1133 826 1218 881; x_wconf 89' lang='lat' dir='ltr'><strong>hodie</strong></span> <span class='ocrx_word' id='word_1_25' title='bbox 1233 826 1307 881; x_wconf 92' lang='lat' dir='ltr'><strong>idem</strong></span> <span class='ocrx_word' id='word_1_26' title='bbox 1327 825 1476 881; x_wconf 75' lang='lat' dir='ltr'><strong>cenobium</strong></span> <span class='ocrx_word' id='word_1_27' title='bbox 1497 844 1558 896; x_wconf 92' lang='lat' dir='ltr'><strong>pos·</strong></span> 
     </span>
     <span class='ocr_line' id='line_1_5' title="bbox 366 928 1558 1003; baseline 0 -20"><span class='ocrx_word' id='word_1_28' title='bbox 366 928 440 984; x_wconf 91' lang='lat' dir='ltr'><strong>sidet</strong></span> <span class='ocrx_word' id='word_1_29' title='bbox 460 929 520 986; x_wconf 91' lang='lat' dir='ltr'><strong>sive</strong></span> <span class='ocrx_word' id='word_1_30' title='bbox 539 931 570 984; x_wconf 92' lang='lat' dir='ltr'><strong>in</strong></span> <span class='ocrx_word' id='word_1_31' title='bbox 589 929 717 986; x_wconf 87' lang='lat' dir='ltr'><strong>futurum</strong></span> <span class='ocrx_word' id='word_1_32' title='bbox 740 932 922 988; x_wconf 75' lang='lat' dir='ltr'><strong>concessione</strong></span> <span class='ocrx_word' id='word_1_33' title='bbox 945 930 1121 1003; x_wconf 85' lang='lat' dir='ltr'><strong>pontificum,</strong></span> <span class='ocrx_word' id='word_1_34' title='bbox 1143 930 1314 986; x_wconf 88' lang='lat' dir='ltr'><strong>liberalitate</strong></span> <span class='ocrx_word' id='word_1_35' title='bbox 1334 930 1494 1003; x_wconf 86' lang='lat' dir='ltr'><strong>principum</strong></span> <span class='ocrx_word' id='word_1_36' title='bbox 1515 930 1558 986; x_wconf 88' lang='lat' dir='ltr'><strong>vel</strong></span> 
     </span>
     <span class='ocr_line' id='line_1_6' title="bbox 367 1023 1558 1106; baseline 0.002 -19"><span class='ocrx_word' id='word_1_37' title='bbox 367 1032 512 1089; x_wconf 88' lang='lat' dir='ltr'><strong>oblatione</strong></span> <span class='ocrx_word' id='word_1_38' title='bbox 538 1032 664 1089; x_wconf 87' lang='lat' dir='ltr'><strong>fidelium</strong></span> <span class='ocrx_word' id='word_1_39' title='bbox 691 1035 765 1090; x_wconf 88' lang='lat' dir='ltr'><strong>iuste</strong></span> <span class='ocrx_word' id='word_1_40' title='bbox 791 1040 878 1106; x_wconf 89' lang='lat' dir='ltr'><strong>atque</strong></span> <span class='ocrx_word' id='word_1_41' title='bbox 904 1036 1041 1090; x_wconf 90' lang='lat' dir='ltr'><strong>canonice</strong></span> <span class='ocrx_word' id='word_1_42' title='bbox 1067 1035 1173 1106; x_wconf 87' lang='lat' dir='ltr'><strong>poterit</strong></span> <span class='ocrx_word' id='word_1_43' title='bbox 1196 1034 1326 1106; x_wconf 80' lang='lat' dir='ltr'><strong>adipisci,</strong></span> <span class='ocrx_word' id='word_1_44' title='bbox 1359 1033 1441 1088; x_wconf 87' lang='lat' dir='ltr'><strong>firma</strong></span> <span class='ocrx_word' id='word_1_45' title='bbox 1466 1023 1558 1089; x_wconf 84' lang='lat' dir='ltr'><strong>vobis</strong></span> 
     </span>
     <span class='ocr_line' id='line_1_7' title="bbox 367 1131 1560 1215; baseline -0.001 -22"><span class='ocrx_word' id='word_1_46' title='bbox 367 1131 547 1215; x_wconf 85' lang='lat' dir='ltr'><strong>vestrisque</strong></span> <span class='ocrx_word' id='word_1_47' title='bbox 578 1138 788 1194; x_wconf 90' lang='lat' dir='ltr'><strong>successoribus</strong></span> <span class='ocrx_word' id='word_1_48' title='bbox 811 1145 840 1194; x_wconf 91' lang='lat' dir='ltr'><strong>et</strong></span> <span class='ocrx_word' id='word_1_49' title='bbox 862 1139 975 1194; x_wconf 89' lang='lat' dir='ltr'><strong>illibata</strong></span> <span class='ocrx_word' id='word_1_50' title='bbox 997 1145 1193 1211; x_wconf 88' lang='lat' dir='ltr'><strong>permaneant.</strong></span> <span class='ocrx_word' id='word_1_51' title='bbox 1224 1138 1412 1193; x_wconf 86' lang='lat' dir='ltr'><strong>Decernimus</strong></span> <span class='ocrx_word' id='word_1_52' title='bbox 1434 1155 1511 1210; x_wconf 87' lang='lat' dir='ltr'><strong>ergo,</strong></span> <span class='ocrx_word' id='word_1_53' title='bbox 1529 1144 1560 1192; x_wconf 90' lang='lat' dir='ltr'><strong>ut</strong></span> 
     </span>
     <span class='ocr_line' id='line_1_8' title="bbox 367 1242 1557 1314; baseline 0 -18"><span class='ocrx_word' id='word_1_54' title='bbox 367 1242 438 1296; x_wconf 92' lang='lat' dir='ltr'><strong>nulli</strong></span> <span class='ocrx_word' id='word_1_55' title='bbox 458 1243 574 1297; x_wconf 89' lang='lat' dir='ltr'><strong>omnino</strong></span> <span class='ocrx_word' id='word_1_56' title='bbox 595 1243 739 1298; x_wconf 89' lang='lat' dir='ltr'><strong>hominum</strong></span> <span class='ocrx_word' id='word_1_57' title='bbox 759 1243 844 1299; x_wconf 89' lang='lat' dir='ltr'><strong>liceat</strong></span> <span class='ocrx_word' id='word_1_58' title='bbox 864 1244 939 1298; x_wconf 89' lang='lat' dir='ltr'><strong>idem</strong></span> <span class='ocrx_word' id='word_1_59' title='bbox 958 1244 1160 1299; x_wconf 89' lang='lat' dir='ltr'><strong>monasterium</strong></span> <span class='ocrx_word' id='word_1_60' title='bbox 1180 1250 1284 1298; x_wconf 84' lang='lat' dir='ltr'><strong>temere</strong></span> <span class='ocrx_word' id='word_1_61' title='bbox 1304 1242 1472 1314; x_wconf 88' lang='lat' dir='ltr'><strong>perturbare</strong></span> <span class='ocrx_word' id='word_1_62' title='bbox 1491 1243 1557 1297; x_wconf 82' lang='lat' dir='ltr'><strong>aute</strong></span> 
     </span>
     <span class='ocr_line' id='line_1_9' title="bbox 365 1346 1559 1419; baseline -0.001 -18"><span class='ocrx_word' id='word_1_63' title='bbox 365 1347 427 1402; x_wconf 88' lang='lat' dir='ltr'><strong>eius</strong></span> <span class='ocrx_word' id='word_1_64' title='bbox 441 1346 634 1419; x_wconf 90' lang='lat' dir='ltr'><strong>possessiones</strong></span> <span class='ocrx_word' id='word_1_65' title='bbox 648 1347 745 1403; x_wconf 89' lang='lat' dir='ltr'><strong>aufere</strong></span> <span class='ocrx_word' id='word_1_66' title='bbox 761 1348 806 1404; x_wconf 91' lang='lat' dir='ltr'><strong>vel</strong></span> <span class='ocrx_word' id='word_1_67' title='bbox 822 1348 934 1403; x_wconf 91' lang='lat' dir='ltr'><strong>ablatas</strong></span> <span class='ocrx_word' id='word_1_68' title='bbox 950 1349 1081 1419; x_wconf 87' lang='lat' dir='ltr'><strong>retinere,</strong></span> <span class='ocrx_word' id='word_1_69' title='bbox 1099 1349 1225 1403; x_wconf 89' lang='lat' dir='ltr'><strong>minuere</strong></span> <span class='ocrx_word' id='word_1_70' title='bbox 1242 1349 1286 1405; x_wconf 91' lang='lat' dir='ltr'><strong>vel</strong></span> <span class='ocrx_word' id='word_1_71' title='bbox 1307 1347 1464 1403; x_wconf 87' lang='lat' dir='ltr'><strong>temerariis</strong></span> <span class='ocrx_word' id='word_1_72' title='bbox 1479 1364 1559 1403; x_wconf 85' lang='lat' dir='ltr'><strong>vexa·</strong></span> 
     </span>
     <span class='ocr_line' id='line_1_10' title="bbox 367 1445 1558 1527; baseline -0.001 -21"><span class='ocrx_word' id='word_1_73' title='bbox 367 1450 494 1506; x_wconf 86' lang='lat' dir='ltr'><strong>tionibus</strong></span> <span class='ocrx_word' id='word_1_74' title='bbox 509 1450 641 1524; x_wconf 84' lang='lat' dir='ltr'><strong>fatigare,</strong></span> <span class='ocrx_word' id='word_1_75' title='bbox 658 1452 708 1507; x_wconf 88' lang='lat' dir='ltr'><strong>sed</strong></span> <span class='ocrx_word' id='word_1_76' title='bbox 723 1452 819 1507; x_wconf 90' lang='lat' dir='ltr'><strong>omnia</strong></span> <span class='ocrx_word' id='word_1_77' title='bbox 839 1453 952 1524; x_wconf 84' lang='lat' dir='ltr'><strong>integra</strong></span> <span class='ocrx_word' id='word_1_78' title='bbox 968 1445 1218 1527; x_wconf 82' lang='lat' dir='ltr'><strong>conaerv[e]ntur‘¹</strong></span> <span class='ocrx_word' id='word_1_79' title='bbox 1239 1470 1345 1523; x_wconf 89' lang='lat' dir='ltr'><strong>eorum,</strong></span> <span class='ocrx_word' id='word_1_80' title='bbox 1366 1470 1418 1524; x_wconf 90' lang='lat' dir='ltr'><strong>pro</strong></span> <span class='ocrx_word' id='word_1_81' title='bbox 1439 1455 1558 1523; x_wconf 82' lang='lat' dir='ltr'><strong>qnorum</strong></span> 
     </span>
     <span class='ocr_line' id='line_1_11' title="bbox 366 1549 1560 1631; baseline 0 -21"><span class='ocrx_word' id='word_1_82' title='bbox 366 1556 575 1611; x_wconf 84' lang='lat' dir='ltr'><strong>sustentatione</strong></span> <span class='ocrx_word' id='word_1_83' title='bbox 597 1561 626 1610; x_wconf 91' lang='lat' dir='ltr'><strong>et</strong></span> <span class='ocrx_word' id='word_1_84' title='bbox 648 1549 901 1631; x_wconf 80' lang='lat' dir='ltr'><strong>gubernatio[n]e⁸</strong></span> <span class='ocrx_word' id='word_1_85' title='bbox 925 1575 1060 1612; x_wconf 90' lang='lat' dir='ltr'><strong>concessa</strong></span> <span class='ocrx_word' id='word_1_86' title='bbox 1082 1563 1150 1612; x_wconf 89' lang='lat' dir='ltr'><strong>sunt</strong></span> <span class='ocrx_word' id='word_1_87' title='bbox 1177 1557 1276 1611; x_wconf 88' lang='lat' dir='ltr'><strong>usibus</strong></span> <span class='ocrx_word' id='word_1_88' title='bbox 1303 1556 1473 1611; x_wconf 86' lang='lat' dir='ltr'><strong>omnimodis</strong></span> <span class='ocrx_word' id='word_1_89' title='bbox 1497 1572 1560 1627; x_wconf 88' lang='lat' dir='ltr'><strong>pro·</strong></span> 
     </span>
     <span class='ocr_line' id='line_1_12' title="bbox 365 1660 1558 1733; baseline -0.001 -19"><span class='ocrx_word' id='word_1_90' title='bbox 365 1660 472 1731; x_wconf 88' lang='lat' dir='ltr'><strong>futura,</strong></span> <span class='ocrx_word' id='word_1_91' title='bbox 489 1661 570 1717; x_wconf 89' lang='lat' dir='ltr'><strong>salva</strong></span> <span class='ocrx_word' id='word_1_92' title='bbox 584 1660 766 1718; x_wconf 86' lang='lat' dir='ltr'><strong>Pataviensis</strong></span> <span class='ocrx_word' id='word_1_93' title='bbox 784 1661 910 1733; x_wconf 87' lang='lat' dir='ltr'><strong>episcopi</strong></span> <span class='ocrx_word' id='word_1_94' title='bbox 932 1662 1071 1717; x_wconf 89' lang='lat' dir='ltr'><strong>canonica</strong></span> <span class='ocrx_word' id='word_1_95' title='bbox 1088 1662 1256 1731; x_wconf 89' lang='lat' dir='ltr'><strong>reverentia,</strong></span> <span class='ocrx_word' id='word_1_96' title='bbox 1274 1662 1320 1717; x_wconf 92' lang='lat' dir='ltr'><strong>cui</strong></span> <span class='ocrx_word' id='word_1_97' title='bbox 1332 1667 1427 1716; x_wconf 88' lang='lat' dir='ltr'><strong>tamen</strong></span> <span class='ocrx_word' id='word_1_98' title='bbox 1444 1661 1558 1715; x_wconf 90' lang='lat' dir='ltr'><strong>omnino</strong></span> 
     </span>
     <span class='ocr_line' id='line_1_13' title="bbox 366 1765 1558 1837; baseline 0 -19"><span class='ocrx_word' id='word_1_99' title='bbox 366 1783 424 1819; x_wconf 89' lang='lat' dir='ltr'><strong>nou</strong></span> <span class='ocrx_word' id='word_1_100' title='bbox 440 1765 526 1821; x_wconf 91' lang='lat' dir='ltr'><strong>liceat</strong></span> <span class='ocrx_word' id='word_1_101' title='bbox 540 1765 718 1822; x_wconf 87' lang='lat' dir='ltr'><strong>vexationem</strong></span> <span class='ocrx_word' id='word_1_102' title='bbox 734 1765 860 1837; x_wconf 90' lang='lat' dir='ltr'><strong>aliquam</strong></span> <span class='ocrx_word' id='word_1_103' title='bbox 877 1767 921 1822; x_wconf 90' lang='lat' dir='ltr'><strong>vel</strong></span> <span class='ocrx_word' id='word_1_104' title='bbox 937 1766 1181 1837; x_wconf 88' lang='lat' dir='ltr'><strong>consuetudinem,</strong></span> <span class='ocrx_word' id='word_1_105' title='bbox 1199 1783 1255 1837; x_wconf 77' lang='lat' dir='ltr'><strong>quq</strong></span> <span class='ocrx_word' id='word_1_106' title='bbox 1276 1765 1450 1837; x_wconf 85' lang='lat' dir='ltr'><strong>regularium</strong></span> <span class='ocrx_word' id='word_1_107' title='bbox 1470 1765 1558 1835; x_wconf 88' lang='lat' dir='ltr'><strong>quieti</strong></span> 
     </span>
     <span class='ocr_line' id='line_1_14' title="bbox 367 1860 1560 1942; baseline 0.001 -20"><span class='ocrx_word' id='word_1_108' title='bbox 367 1873 478 1939; x_wconf 85' lang='lat' dir='ltr'><strong>noceat,</strong></span> <span class='ocrx_word' id='word_1_109' title='bbox 496 1869 631 1942; x_wconf 83' lang='lat' dir='ltr'><strong>irrogare.</strong></span> <span class='ocrx_word' id='word_1_110' title='bbox 662 1860 797 1938; x_wconf 82' lang='lat' dir='ltr'><strong>Orisma,</strong></span> <span class='ocrx_word' id='word_1_111' title='bbox 826 1861 932 1926; x_wconf 89' lang='lat' dir='ltr'><strong>oleum</strong></span> <span class='ocrx_word' id='word_1_112' title='bbox 954 1871 1101 1926; x_wconf 88' lang='lat' dir='ltr'><strong>sanctum</strong></span> <span class='ocrx_word' id='word_1_113' title='bbox 1129 1863 1386 1926; x_wconf 87' lang='lat' dir='ltr'><strong>consecrationes</strong></span> <span class='ocrx_word' id='word_1_114' title='bbox 1412 1860 1560 1925; x_wconf 84' lang='lat' dir='ltr'><strong>altarium</strong></span> 
     </span>
     <span class='ocr_line' id='line_1_15' title="bbox 366 1963 1560 2052; baseline 0 -24"><span class='ocrx_word' id='word_1_115' title='bbox 366 1967 435 2029; x_wconf 88' lang='lat' dir='ltr'><strong>sive</strong></span> <span class='ocrx_word' id='word_1_116' title='bbox 458 1964 663 2030; x_wconf 86' lang='lat' dir='ltr'><strong>basilicarum</strong></span> <span class='ocrx_word' id='word_1_117' title='bbox 685 1963 901 2029; x_wconf 83' lang='lat' dir='ltr'><strong>ordinationes</strong></span> <span class='ocrx_word' id='word_1_118' title='bbox 917 1965 1156 2048; x_wconf 88' lang='lat' dir='ltr'><strong>monachorum,</strong></span> <span class='ocrx_word' id='word_1_119' title='bbox 1180 1968 1235 2052; x_wconf 91' lang='lat' dir='ltr'><strong>qui</strong></span> <span class='ocrx_word' id='word_1_120' title='bbox 1258 1966 1301 2031; x_wconf 90' lang='lat' dir='ltr'><strong>ad</strong></span> <span class='ocrx_word' id='word_1_121' title='bbox 1317 1986 1427 2030; x_wconf 88' lang='lat' dir='ltr'><strong>sacros</strong></span> <span class='ocrx_word' id='word_1_122' title='bbox 1442 1964 1560 2028; x_wconf 91' lang='lat' dir='ltr'><strong>fuerint</strong></span> 
     </span>
     <span class='ocr_line' id='line_1_16' title="bbox 367 2068 1560 2156; baseline -0.002 -24"><span class='ocrx_word' id='word_1_123' title='bbox 367 2068 497 2133; x_wconf 83' lang='lat' dir='ltr'><strong>ordines</strong></span> <span class='ocrx_word' id='word_1_124' title='bbox 520 2068 740 2155; x_wconf 91' lang='lat' dir='ltr'><strong>promovendi,</strong></span> <span class='ocrx_word' id='word_1_125' title='bbox 771 2068 813 2133; x_wconf 90' lang='lat' dir='ltr'><strong>ab</strong></span> <span class='ocrx_word' id='word_1_126' title='bbox 842 2071 1002 2156; x_wconf 81' lang='lat' dir='ltr'><strong>episcope,</strong></span> <span class='ocrx_word' id='word_1_127' title='bbox 1032 2073 1065 2135; x_wconf 94' lang='lat' dir='ltr'><strong>in</strong></span> <span class='ocrx_word' id='word_1_128' title='bbox 1096 2073 1187 2135; x_wconf 91' lang='lat' dir='ltr'><strong>euius</strong></span> <span class='ocrx_word' id='word_1_129' title='bbox 1219 2070 1338 2135; x_wconf 90' lang='lat' dir='ltr'><strong>diocesi</strong></span> <span class='ocrx_word' id='word_1_130' title='bbox 1369 2070 1456 2153; x_wconf 89' lang='lat' dir='ltr'><strong>estis,</strong></span> <span class='ocrx_word' id='word_1_131' title='bbox 1479 2070 1560 2131; x_wconf 88' lang='lat' dir='ltr'><strong>acci-</strong></span> 
     </span>
     <span class='ocr_line' id='line_1_17' title="bbox 367 2170 1560 2260; baseline -0.001 -25"><span class='ocrx_word' id='word_1_132' title='bbox 367 2173 469 2258; x_wconf 91' lang='lat' dir='ltr'><strong>pietis,</strong></span> <span class='ocrx_word' id='word_1_133' title='bbox 501 2170 659 2257; x_wconf 90' lang='lat' dir='ltr'><strong>siquidem</strong></span> <span class='ocrx_word' id='word_1_134' title='bbox 688 2175 826 2258; x_wconf 83' lang='lat' dir='ltr'><strong>gratiam</strong></span> <span class='ocrx_word' id='word_1_135' title='bbox 856 2183 953 2260; x_wconf 89' lang='lat' dir='ltr'><strong>atque</strong></span> <span class='ocrx_word' id='word_1_136' title='bbox 984 2176 1241 2240; x_wconf 90' lang='lat' dir='ltr'><strong>communionem</strong></span> <span class='ocrx_word' id='word_1_137' title='bbox 1271 2172 1444 2259; x_wconf 82' lang='lat' dir='ltr'><strong>apostolice</strong></span> <span class='ocrx_word' id='word_1_138' title='bbox 1474 2171 1560 2235; x_wconf 90' lang='lat' dir='ltr'><strong>sedis</strong></span> 
     </span>
     <span class='ocr_line' id='line_1_18' title="bbox 367 2275 1558 2365; baseline -0.002 -25"><span class='ocrx_word' id='word_1_139' title='bbox 367 2275 525 2361; x_wconf 81' lang='lat' dir='ltr'><strong>habuerit,</strong></span> <span class='ocrx_word' id='word_1_140' title='bbox 550 2285 583 2341; x_wconf 93' lang='lat' dir='ltr'><strong>et</strong></span> <span class='ocrx_word' id='word_1_141' title='bbox 612 2278 638 2341; x_wconf 91' lang='lat' dir='ltr'><strong>si</strong></span> <span class='ocrx_word' id='word_1_142' title='bbox 668 2298 708 2342; x_wconf 89' lang='lat' dir='ltr'><strong>ea</strong></span> <span class='ocrx_word' id='word_1_143' title='bbox 736 2281 837 2363; x_wconf 85' lang='lat' dir='ltr'><strong>gratis</strong></span> <span class='ocrx_word' id='word_1_144' title='bbox 868 2302 907 2344; x_wconf 88' lang='lat' dir='ltr'><strong>ac</strong></span> <span class='ocrx_word' id='word_1_145' title='bbox 938 2282 1007 2344; x_wconf 87' lang='lat' dir='ltr'><strong>sine</strong></span> <span class='ocrx_word' id='word_1_146' title='bbox 1037 2281 1197 2365; x_wconf 85' lang='lat' dir='ltr'><strong>pravitate</strong></span> <span class='ocrx_word' id='word_1_147' title='bbox 1227 2278 1365 2343; x_wconf 90' lang='lat' dir='ltr'><strong>voluerit</strong></span> <span class='ocrx_word' id='word_1_148' title='bbox 1392 2276 1558 2342; x_wconf 89' lang='lat' dir='ltr'><strong>exhibere.</strong></span> 
     </span>
     <span class='ocr_line' id='line_1_19' title="bbox 366 2380 1559 2469; baseline -0.001 -24"><span class='ocrx_word' id='word_1_149' title='bbox 366 2380 518 2467; x_wconf 91' lang='lat' dir='ltr'><strong>Alioquin</strong></span> <span class='ocrx_word' id='word_1_150' title='bbox 540 2381 636 2446; x_wconf 89' lang='lat' dir='ltr'><strong>liceat</strong></span> <span class='ocrx_word' id='word_1_151' title='bbox 658 2382 749 2447; x_wconf 89' lang='lat' dir='ltr'><strong>vobis</strong></span> <span class='ocrx_word' id='word_1_152' title='bbox 776 2382 979 2467; x_wconf 88' lang='lat' dir='ltr'><strong>catholicum,</strong></span> <span class='ocrx_word' id='word_1_153' title='bbox 1003 2406 1100 2469; x_wconf 89' lang='lat' dir='ltr'><strong>quem</strong></span> <span class='ocrx_word' id='word_1_154' title='bbox 1125 2382 1311 2467; x_wconf 91' lang='lat' dir='ltr'><strong>malueritis,</strong></span> <span class='ocrx_word' id='word_1_155' title='bbox 1327 2381 1419 2446; x_wconf 90' lang='lat' dir='ltr'><strong>adire</strong></span> <span class='ocrx_word' id='word_1_156' title='bbox 1440 2381 1559 2445; x_wconf 90' lang='lat' dir='ltr'><strong>antisti·</strong></span> 
     </span>
     <span class='ocr_line' id='line_1_20' title="bbox 367 2485 1559 2573; baseline -0.002 -23"><span class='ocrx_word' id='word_1_157' title='bbox 367 2494 433 2550; x_wconf 91' lang='lat' dir='ltr'><strong>tem</strong></span> <span class='ocrx_word' id='word_1_158' title='bbox 456 2494 488 2550; x_wconf 89' lang='lat' dir='ltr'><strong>et</strong></span> <span class='ocrx_word' id='word_1_159' title='bbox 509 2485 552 2550; x_wconf 91' lang='lat' dir='ltr'><strong>ab</strong></span> <span class='ocrx_word' id='word_1_160' title='bbox 575 2507 613 2550; x_wconf 92' lang='lat' dir='ltr'><strong>eo</strong></span> <span class='ocrx_word' id='word_1_161' title='bbox 637 2490 913 2553; x_wconf 88' lang='lat' dir='ltr'><strong>consecrationum</strong></span> <span class='ocrx_word' id='word_1_162' title='bbox 936 2496 1138 2553; x_wconf 89' lang='lat' dir='ltr'><strong>sacramenta</strong></span> <span class='ocrx_word' id='word_1_163' title='bbox 1162 2490 1336 2573; x_wconf 87' lang='lat' dir='ltr'><strong>suscipere,</strong></span> <span class='ocrx_word' id='word_1_164' title='bbox 1360 2489 1414 2573; x_wconf 91' lang='lat' dir='ltr'><strong>qui</strong></span> <span class='ocrx_word' id='word_1_165' title='bbox 1437 2494 1559 2571; x_wconf 89' lang='lat' dir='ltr'><strong>aposto·</strong></span> 
     </span>
     <span class='ocr_line' id='line_1_21' title="bbox 368 2589 1561 2680; baseline 0 -27"><span class='ocrx_word' id='word_1_166' title='bbox 368 2589 428 2665; x_wconf 79' lang='lat' dir='ltr'><strong>lice</strong></span> <span class='ocrx_word' id='word_1_167' title='bbox 451 2589 537 2654; x_wconf 89' lang='lat' dir='ltr'><strong>sedis</strong></span> <span class='ocrx_word' id='word_1_168' title='bbox 568 2590 666 2655; x_wconf 90' lang='lat' dir='ltr'><strong>fultus</strong></span> <span class='ocrx_word' id='word_1_169' title='bbox 694 2594 892 2677; x_wconf 86' lang='lat' dir='ltr'><strong>auctoritate,</strong></span> <span class='ocrx_word' id='word_1_170' title='bbox 916 2615 979 2680; x_wconf 79' lang='lat' dir='ltr'><strong>que</strong></span> <span class='ocrx_word' id='word_1_171' title='bbox 1001 2593 1188 2680; x_wconf 87' lang='lat' dir='ltr'><strong>postulatur,</strong></span> <span class='ocrx_word' id='word_1_172' title='bbox 1216 2592 1393 2680; x_wconf 83' lang='lat' dir='ltr'><strong>indulgeat.</strong></span> <span class='ocrx_word' id='word_1_173' title='bbox 1422 2600 1481 2657; x_wconf 86' lang='lat' dir='ltr'><strong>Nec</strong></span> <span class='ocrx_word' id='word_1_174' title='bbox 1504 2600 1561 2671; x_wconf 86' lang='lat' dir='ltr'><strong>epi-</strong></span> 
     </span>
     <span class='ocr_line' id='line_1_22' title="bbox 367 2704 1561 2778; baseline 0.002 -21"><span class='ocrx_word' id='word_1_175' title='bbox 367 2721 452 2773; x_wconf 88' lang='lat' dir='ltr'><strong>scopo</strong></span> <span class='ocrx_word' id='word_1_176' title='bbox 469 2710 563 2760; x_wconf 89' lang='lat' dir='ltr'><strong>autem</strong></span> <span class='ocrx_word' id='word_1_177' title='bbox 580 2723 633 2760; x_wconf 89' lang='lat' dir='ltr'><strong>nec</strong></span> <span class='ocrx_word' id='word_1_178' title='bbox 648 2704 747 2760; x_wconf 90' lang='lat' dir='ltr'><strong>abbati</strong></span> <span class='ocrx_word' id='word_1_179' title='bbox 767 2706 822 2776; x_wconf 88' lang='lat' dir='ltr'><strong>ipsi</strong></span> <span class='ocrx_word' id='word_1_180' title='bbox 842 2724 895 2761; x_wconf 89' lang='lat' dir='ltr'><strong>nec</strong></span> <span class='ocrx_word' id='word_1_181' title='bbox 915 2724 1036 2778; x_wconf 77' lang='lat' dir='ltr'><strong>persone</strong></span> <span class='ocrx_word' id='word_1_182' title='bbox 1056 2708 1142 2762; x_wconf 89' lang='lat' dir='ltr'><strong>alicui</strong></span> <span class='ocrx_word' id='word_1_183' title='bbox 1162 2707 1285 2763; x_wconf 85' lang='lat' dir='ltr'><strong>facultas</strong></span> <span class='ocrx_word' id='word_1_184' title='bbox 1300 2709 1338 2763; x_wconf 90' lang='lat' dir='ltr'><strong>sit</strong></span> <span class='ocrx_word' id='word_1_185' title='bbox 1352 2706 1464 2762; x_wconf 92' lang='lat' dir='ltr'><strong>cenobii</strong></span> <span class='ocrx_word' id='word_1_186' title='bbox 1484 2705 1561 2760; x_wconf 88' lang='lat' dir='ltr'><strong>bona</strong></span> 
     </span>
     <span class='ocr_line' id='line_1_23' title="bbox 369 2807 1560 2883; baseline 0.003 -22"><span class='ocrx_word' id='word_1_187' title='bbox 369 2809 399 2862; x_wconf 91' lang='lat' dir='ltr'><strong>in</strong></span> <span class='ocrx_word' id='word_1_188' title='bbox 415 2807 532 2864; x_wconf 89' lang='lat' dir='ltr'><strong>feudum</strong></span> <span class='ocrx_word' id='word_1_189' title='bbox 547 2810 608 2867; x_wconf 88' lang='lat' dir='ltr'><strong>sive</strong></span> <span class='ocrx_word' id='word_1_190' title='bbox 627 2808 796 2866; x_wconf 86' lang='lat' dir='ltr'><strong>beneficium</strong></span> <span class='ocrx_word' id='word_1_191' title='bbox 812 2807 876 2865; x_wconf 87' lang='lat' dir='ltr'><strong>sine</strong></span> <span class='ocrx_word' id='word_1_192' title='bbox 891 2828 1030 2867; x_wconf 88' lang='lat' dir='ltr'><strong>consensu</strong></span> <span class='ocrx_word' id='word_1_193' title='bbox 1054 2813 1200 2868; x_wconf 90' lang='lat' dir='ltr'><strong>meliorum</strong></span> <span class='ocrx_word' id='word_1_194' title='bbox 1220 2812 1340 2867; x_wconf 87' lang='lat' dir='ltr'><strong>fratrum</strong></span> <span class='ocrx_word' id='word_1_195' title='bbox 1363 2810 1492 2883; x_wconf 88' lang='lat' dir='ltr'><strong>personis</strong></span> <span class='ocrx_word' id='word_1_196' title='bbox 1512 2809 1560 2864; x_wconf 88' lang='lat' dir='ltr'><strong>ali·</strong></span> 
     </span>
     <span class='ocr_line' id='line_1_24' title="bbox 367 2912 1561 2989; baseline 0.001 -22"><span class='ocrx_word' id='word_1_197' title='bbox 367 2912 472 2983; x_wconf 88' lang='lat' dir='ltr'><strong>quibus</strong></span> <span class='ocrx_word' id='word_1_198' title='bbox 487 2914 555 2969; x_wconf 86' lang='lat' dir='ltr'><strong>dare</strong></span> <span class='ocrx_word' id='word_1_199' title='bbox 570 2912 616 2970; x_wconf 91' lang='lat' dir='ltr'><strong>vel</strong></span> <span class='ocrx_word' id='word_1_200' title='bbox 632 2913 722 2969; x_wconf 90' lang='lat' dir='ltr'><strong>modis</strong></span> <span class='ocrx_word' id='word_1_201' title='bbox 742 2913 806 2968; x_wconf 88' lang='lat' dir='ltr'><strong>aliis</strong></span> <span class='ocrx_word' id='word_1_202' title='bbox 824 2914 960 2970; x_wconf 87' lang='lat' dir='ltr'><strong>alienare.</strong></span> <span class='ocrx_word' id='word_1_203' title='bbox 991 2914 1066 2972; x_wconf 86' lang='lat' dir='ltr'><strong>Sane</strong></span> <span class='ocrx_word' id='word_1_204' title='bbox 1088 2917 1264 2989; x_wconf 87' lang='lat' dir='ltr'><strong>sepulturam</strong></span> <span class='ocrx_word' id='word_1_205' title='bbox 1284 2915 1410 2970; x_wconf 90' lang='lat' dir='ltr'><strong>eiusdem</strong></span> <span class='ocrx_word' id='word_1_206' title='bbox 1430 2914 1485 2969; x_wconf 91' lang='lat' dir='ltr'><strong>loci</strong></span> <span class='ocrx_word' id='word_1_207' title='bbox 1505 2931 1561 2969; x_wconf 90' lang='lat' dir='ltr'><strong>om-</strong></span> 
     </span>
     <span class='ocr_line' id='line_1_25' title="bbox 368 3018 1560 3091; baseline -0.001 -18"><span class='ocrx_word' id='word_1_208' title='bbox 368 3019 437 3075; x_wconf 92' lang='lat' dir='ltr'><strong>nino</strong></span> <span class='ocrx_word' id='word_1_209' title='bbox 453 3019 572 3075; x_wconf 88' lang='lat' dir='ltr'><strong>liberam</strong></span> <span class='ocrx_word' id='word_1_210' title='bbox 587 3036 649 3074; x_wconf 89' lang='lat' dir='ltr'><strong>esse</strong></span> <span class='ocrx_word' id='word_1_211' title='bbox 664 3019 851 3090; x_wconf 85' lang='lat' dir='ltr'><strong>decernimus,</strong></span> <span class='ocrx_word' id='word_1_212' title='bbox 869 3025 1022 3088; x_wconf 85' lang='lat' dir='ltr'><strong>uteorum,</strong></span> <span class='ocrx_word' id='word_1_213' title='bbox 1039 3021 1088 3090; x_wconf 91' lang='lat' dir='ltr'><strong>qui</strong></span> <span class='ocrx_word' id='word_1_214' title='bbox 1111 3020 1170 3074; x_wconf 92' lang='lat' dir='ltr'><strong>illic</strong></span> <span class='ocrx_word' id='word_1_215' title='bbox 1191 3019 1307 3091; x_wconf 88' lang='lat' dir='ltr'><strong>sepeliri</strong></span> <span class='ocrx_word' id='word_1_216' title='bbox 1328 3018 1560 3088; x_wconf 85' lang='lat' dir='ltr'><strong>deliberaverint,</strong></span> 
     </span>
     <span class='ocr_line' id='line_1_26' title="bbox 367 3122 1562 3194; baseline -0.001 -16"><span class='ocrx_word' id='word_1_217' title='bbox 367 3125 513 3181; x_wconf 89' lang='lat' dir='ltr'><strong>devotioni</strong></span> <span class='ocrx_word' id='word_1_218' title='bbox 530 3130 558 3179; x_wconf 90' lang='lat' dir='ltr'><strong>et</strong></span> <span class='ocrx_word' id='word_1_219' title='bbox 573 3129 695 3179; x_wconf 83' lang='lat' dir='ltr'><strong>extreme</strong></span> <span class='ocrx_word' id='word_1_220' title='bbox 711 3124 863 3194; x_wconf 87' lang='lat' dir='ltr'><strong>voluntati,</strong></span> <span class='ocrx_word' id='word_1_221' title='bbox 884 3124 939 3178; x_wconf 91' lang='lat' dir='ltr'><strong>nisi</strong></span> <span class='ocrx_word' id='word_1_222' title='bbox 960 3123 1033 3178; x_wconf 88' lang='lat' dir='ltr'><strong>forte</strong></span> <span class='ocrx_word' id='word_1_223' title='bbox 1053 3123 1286 3178; x_wconf 82' lang='lat' dir='ltr'><strong>excommunicati</strong></span> <span class='ocrx_word' id='word_1_224' title='bbox 1307 3124 1377 3193; x_wconf 83' lang='lat' dir='ltr'><strong>sint,</strong></span> <span class='ocrx_word' id='word_1_225' title='bbox 1396 3123 1495 3177; x_wconf 88' lang='lat' dir='ltr'><strong>nullus</strong></span> <span class='ocrx_word' id='word_1_226' title='bbox 1514 3122 1562 3177; x_wconf 94' lang='lat' dir='ltr'><strong>ob·</strong></span> 
     </span>
     <span class='ocr_line' id='line_1_27' title="bbox 367 3226 1563 3299; baseline -0.004 -15"><span class='ocrx_word' id='word_1_227' title='bbox 367 3230 458 3284; x_wconf 89' lang='lat' dir='ltr'><strong>sistat.</strong></span> <span class='ocrx_word' id='word_1_228' title='bbox 490 3229 593 3284; x_wconf 88' lang='lat' dir='ltr'><strong>Laicos</strong></span> <span class='ocrx_word' id='word_1_229' title='bbox 607 3228 668 3284; x_wconf 91' lang='lat' dir='ltr'><strong>sive</strong></span> <span class='ocrx_word' id='word_1_230' title='bbox 684 3227 800 3282; x_wconf 90' lang='lat' dir='ltr'><strong>clericos</strong></span> <span class='ocrx_word' id='word_1_231' title='bbox 814 3227 957 3282; x_wconf 85' lang='lat' dir='ltr'><strong>seculares</strong></span> <span class='ocrx_word' id='word_1_232' title='bbox 972 3228 1008 3281; x_wconf 90' lang='lat' dir='ltr'><strong>ad</strong></span> <span class='ocrx_word' id='word_1_233' title='bbox 1024 3227 1267 3284; x_wconf 87' lang='lat' dir='ltr'><strong>conversationem</strong></span> <span class='ocrx_word' id='word_1_234' title='bbox 1284 3228 1437 3299; x_wconf 88' lang='lat' dir='ltr'><strong>suscipere,</strong></span> <span class='ocrx_word' id='word_1_235' title='bbox 1455 3226 1563 3280; x_wconf 89' lang='lat' dir='ltr'><strong>nullius</strong></span> 
     </span>
     <span class='ocr_line' id='line_1_28' title="bbox 367 3331 1562 3403; baseline -0.003 -16"><span class='ocrx_word' id='word_1_236' title='bbox 367 3333 492 3403; x_wconf 89' lang='lat' dir='ltr'><strong>episcopi</strong></span> <span class='ocrx_word' id='word_1_237' title='bbox 509 3332 554 3388; x_wconf 89' lang='lat' dir='ltr'><strong>vel</strong></span> <span class='ocrx_word' id='word_1_238' title='bbox 569 3332 707 3403; x_wconf 88' lang='lat' dir='ltr'><strong>prepositi</strong></span> <span class='ocrx_word' id='word_1_239' title='bbox 721 3332 909 3387; x_wconf 87' lang='lat' dir='ltr'><strong>contradictio</strong></span> <span class='ocrx_word' id='word_1_240' title='bbox 925 3350 976 3388; x_wconf 90' lang='lat' dir='ltr'><strong>vos</strong></span> <span class='ocrx_word' id='word_1_241' title='bbox 993 3331 1131 3387; x_wconf 86' lang='lat' dir='ltr'><strong>inhibeat.</strong></span> <span class='ocrx_word' id='word_1_242' title='bbox 1154 3332 1286 3388; x_wconf 90' lang='lat' dir='ltr'><strong>Obeunte</strong></span> <span class='ocrx_word' id='word_1_243' title='bbox 1301 3338 1329 3388; x_wconf 91' lang='lat' dir='ltr'><strong>te</strong></span> <span class='ocrx_word' id='word_1_244' title='bbox 1340 3349 1417 3387; x_wconf 90' lang='lat' dir='ltr'><strong>nunc</strong></span> <span class='ocrx_word' id='word_1_245' title='bbox 1433 3331 1497 3386; x_wconf 89' lang='lat' dir='ltr'><strong>eius</strong></span> <span class='ocrx_word' id='word_1_246' title='bbox 1508 3331 1562 3385; x_wconf 93' lang='lat' dir='ltr'><strong>loci</strong></span> 
     </span>
     <span class='ocr_line' id='line_1_29' title="bbox 369 3434 1563 3508; baseline -0.002 -17"><span class='ocrx_word' id='word_1_247' title='bbox 369 3436 474 3492; x_wconf 88' lang='lat' dir='ltr'><strong>abbate</strong></span> <span class='ocrx_word' id='word_1_248' title='bbox 490 3438 534 3493; x_wconf 91' lang='lat' dir='ltr'><strong>vel</strong></span> <span class='ocrx_word' id='word_1_249' title='bbox 555 3443 668 3492; x_wconf 89' lang='lat' dir='ltr'><strong>tuorum</strong></span> <span class='ocrx_word' id='word_1_250' title='bbox 689 3436 817 3508; x_wconf 90' lang='lat' dir='ltr'><strong>quolibet</strong></span> <span class='ocrx_word' id='word_1_251' title='bbox 836 3454 1028 3493; x_wconf 87' lang='lat' dir='ltr'><strong>successorum</strong></span> <span class='ocrx_word' id='word_1_252' title='bbox 1049 3439 1145 3492; x_wconf 89' lang='lat' dir='ltr'><strong>nullus</strong></span> <span class='ocrx_word' id='word_1_253' title='bbox 1165 3437 1204 3492; x_wconf 91' lang='lat' dir='ltr'><strong>ibi</strong></span> <span class='ocrx_word' id='word_1_254' title='bbox 1225 3437 1355 3508; x_wconf 88' lang='lat' dir='ltr'><strong>qualibet</strong></span> <span class='ocrx_word' id='word_1_255' title='bbox 1374 3434 1563 3507; x_wconf 88' lang='lat' dir='ltr'><strong>surreptionis</strong></span> 
     </span>
     <span class='ocr_line' id='line_1_30' title="bbox 368 3540 1563 3613; baseline -0.003 -17"><span class='ocrx_word' id='word_1_256' title='bbox 368 3542 475 3597; x_wconf 89' lang='lat' dir='ltr'><strong>astutia</strong></span> <span class='ocrx_word' id='word_1_257' title='bbox 489 3559 539 3597; x_wconf 89' lang='lat' dir='ltr'><strong>seu</strong></span> <span class='ocrx_word' id='word_1_258' title='bbox 555 3541 694 3598; x_wconf 87' lang='lat' dir='ltr'><strong>violentia</strong></span> <span class='ocrx_word' id='word_1_259' title='bbox 708 3547 897 3613; x_wconf 89' lang='lat' dir='ltr'><strong>preponatur,</strong></span> <span class='ocrx_word' id='word_1_260' title='bbox 913 3542 968 3596; x_wconf 89' lang='lat' dir='ltr'><strong>nisi</strong></span> <span class='ocrx_word' id='word_1_261' title='bbox 984 3559 1070 3613; x_wconf 90' lang='lat' dir='ltr'><strong>quem</strong></span> <span class='ocrx_word' id='word_1_262' title='bbox 1085 3541 1187 3597; x_wconf 85' lang='lat' dir='ltr'><strong>fratres</strong></span> <span class='ocrx_word' id='word_1_263' title='bbox 1203 3541 1345 3596; x_wconf 90' lang='lat' dir='ltr'><strong>communi</strong></span> <span class='ocrx_word' id='word_1_264' title='bbox 1360 3558 1502 3596; x_wconf 90' lang='lat' dir='ltr'><strong>consensu</strong></span> <span class='ocrx_word' id='word_1_265' title='bbox 1518 3540 1563 3596; x_wconf 89' lang='lat' dir='ltr'><strong>vel</strong></span> 
     </span>
     <span class='ocr_line' id='line_1_31' title="bbox 368 3644 1563 3716; baseline -0.001 -16"><span class='ocrx_word' id='word_1_266' title='bbox 368 3645 488 3701; x_wconf 84' lang='lat' dir='ltr'><strong>fratrum</strong></span> <span class='ocrx_word' id='word_1_267' title='bbox 508 3663 575 3716; x_wconf 89' lang='lat' dir='ltr'><strong>pars</strong></span> <span class='ocrx_word' id='word_1_268' title='bbox 595 3644 707 3701; x_wconf 91' lang='lat' dir='ltr'><strong>consilii</strong></span> <span class='ocrx_word' id='word_1_269' title='bbox 728 3645 850 3700; x_wconf 87' lang='lat' dir='ltr'><strong>sanioris</strong></span> <span class='ocrx_word' id='word_1_270' title='bbox 870 3646 1025 3700; x_wconf 89' lang='lat' dir='ltr'><strong>secundum</strong></span> <span class='ocrx_word' id='word_1_271' title='bbox 1049 3646 1094 3701; x_wconf 93' lang='lat' dir='ltr'><strong>dei</strong></span> <span class='ocrx_word' id='word_1_272' title='bbox 1115 3647 1243 3701; x_wconf 90' lang='lat' dir='ltr'><strong>timorem</strong></span> <span class='ocrx_word' id='word_1_273' title='bbox 1264 3652 1293 3701; x_wconf 90' lang='lat' dir='ltr'><strong>et</strong></span> <span class='ocrx_word' id='word_1_274' title='bbox 1317 3645 1393 3701; x_wconf 88' lang='lat' dir='ltr'><strong>beati</strong></span> <span class='ocrx_word' id='word_1_275' title='bbox 1413 3644 1563 3700; x_wconf 89' lang='lat' dir='ltr'><strong>Benedicti</strong></span> 
     </span>
     <span class='ocr_line' id='line_1_32' title="bbox 368 3741 1563 3822; baseline -0.001 -18"><span class='ocrx_word' id='word_1_276' title='bbox 368 3750 496 3822; x_wconf 85' lang='lat' dir='ltr'><strong>regulam</strong></span> <span class='ocrx_word' id='word_1_277' title='bbox 515 3749 663 3821; x_wconf 89' lang='lat' dir='ltr'><strong>elegerint.</strong></span> <span class='ocrx_word' id='word_1_278' title='bbox 698 3749 729 3806; x_wconf 88' lang='lat' dir='ltr'><strong>si</strong></span> <span class='ocrx_word' id='word_1_279' title='bbox 748 3768 806 3821; x_wconf 91' lang='lat' dir='ltr'><strong>qua</strong></span> <span class='ocrx_word' id='word_1_280' title='bbox 827 3750 916 3822; x_wconf 80' lang='lat' dir='ltr'><strong>igitur</strong></span> <span class='ocrx_word' id='word_1_281' title='bbox 935 3750 1127 3806; x_wconf 89' lang='lat' dir='ltr'><strong>ecclesiastica</strong></span> <span class='ocrx_word' id='word_1_282' title='bbox 1142 3750 1313 3807; x_wconf 90' lang='lat' dir='ltr'><strong>secularisve</strong></span> <span class='ocrx_word' id='word_1_283' title='bbox 1328 3741 1467 3821; x_wconf 75' lang='lat' dir='ltr'><strong>persona¹</strong></span> <span class='ocrx_word' id='word_1_284' title='bbox 1489 3750 1563 3804; x_wconf 88' lang='lat' dir='ltr'><strong>hane</strong></span> 
     </span>
     <span class='ocr_line' id='line_1_33' title="bbox 369 3854 1563 3927; baseline -0.002 -17"><span class='ocrx_word' id='word_1_285' title='bbox 369 3859 466 3924; x_wconf 73' lang='lat' dir='ltr'><strong>nosue</strong></span> <span class='ocrx_word' id='word_1_286' title='bbox 486 3854 698 3910; x_wconf 88' lang='lat' dir='ltr'><strong>constitutionis</strong></span> <span class='ocrx_word' id='word_1_287' title='bbox 718 3855 854 3927; x_wconf 83' lang='lat' dir='ltr'><strong>paginam</strong></span> <span class='ocrx_word' id='word_1_288' title='bbox 874 3856 967 3910; x_wconf 90' lang='lat' dir='ltr'><strong>sciens</strong></span> <span class='ocrx_word' id='word_1_289' title='bbox 992 3859 1092 3910; x_wconf 88' lang='lat' dir='ltr'><strong>contra</strong></span> <span class='ocrx_word' id='word_1_290' title='bbox 1113 3872 1175 3910; x_wconf 89' lang='lat' dir='ltr'><strong>cam</strong></span> <span class='ocrx_word' id='word_1_291' title='bbox 1200 3861 1305 3910; x_wconf 88' lang='lat' dir='ltr'><strong>temere</strong></span> <span class='ocrx_word' id='word_1_292' title='bbox 1325 3854 1423 3910; x_wconf 89' lang='lat' dir='ltr'><strong>venire</strong></span> <span class='ocrx_word' id='word_1_293' title='bbox 1443 3859 1563 3926; x_wconf 83' lang='lat' dir='ltr'><strong>tempta·</strong></span> 
     </span>
     <span class='ocr_line' id='line_1_34' title="bbox 369 3958 1563 4032; baseline -0.003 -17"><span class='ocrx_word' id='word_1_294' title='bbox 369 3960 451 4030; x_wconf 85' lang='lat' dir='ltr'><strong>verit,</strong></span> <span class='ocrx_word' id='word_1_295' title='bbox 468 3960 593 4015; x_wconf 88' lang='lat' dir='ltr'><strong>secundo</strong></span> <span class='ocrx_word' id='word_1_296' title='bbox 608 3960 728 4016; x_wconf 89' lang='lat' dir='ltr'><strong>tertiove</strong></span> <span class='ocrx_word' id='word_1_297' title='bbox 744 3959 925 4030; x_wconf 90' lang='lat' dir='ltr'><strong>commonita,</strong></span> <span class='ocrx_word' id='word_1_298' title='bbox 945 3959 970 4014; x_wconf 89' lang='lat' dir='ltr'><strong>si</strong></span> <span class='ocrx_word' id='word_1_299' title='bbox 990 3977 1048 4014; x_wconf 90' lang='lat' dir='ltr'><strong>nou</strong></span> <span class='ocrx_word' id='word_1_300' title='bbox 1068 3958 1264 4015; x_wconf 81' lang='lat' dir='ltr'><strong>satisfactione</strong></span> <span class='ocrx_word' id='word_1_301' title='bbox 1284 3977 1410 4032; x_wconf 79' lang='lat' dir='ltr'><strong>congrua</strong></span> <span class='ocrx_word' id='word_1_302' title='bbox 1431 3960 1563 4014; x_wconf 84' lang='lat' dir='ltr'><strong>emenda·</strong></span> 
     </span>
     <span class='ocr_line' id='line_1_35' title="bbox 369 4063 1563 4138; baseline -0.003 -17"><span class='ocrx_word' id='word_1_303' title='bbox 369 4065 451 4136; x_wconf 86' lang='lat' dir='ltr'><strong>verit,</strong></span> <span class='ocrx_word' id='word_1_304' title='bbox 468 4065 617 4136; x_wconf 88' lang='lat' dir='ltr'><strong>potestatis</strong></span> <span class='ocrx_word' id='word_1_305' title='bbox 632 4065 804 4137; x_wconf 91' lang='lat' dir='ltr'><strong>honorisque</strong></span> <span class='ocrx_word' id='word_1_306' title='bbox 819 4065 864 4120; x_wconf 91' lang='lat' dir='ltr'><strong>sui</strong></span> <span class='ocrx_word' id='word_1_307' title='bbox 880 4064 1021 4138; x_wconf 80' lang='lat' dir='ltr'><strong>dignitate</strong></span> <span class='ocrx_word' id='word_1_308' title='bbox 1036 4070 1132 4120; x_wconf 89' lang='lat' dir='ltr'><strong>careat</strong></span> <span class='ocrx_word' id='word_1_309' title='bbox 1146 4082 1281 4136; x_wconf 90' lang='lat' dir='ltr'><strong>reamque</strong></span> <span class='ocrx_word' id='word_1_310' title='bbox 1295 4082 1325 4120; x_wconf 92' lang='lat' dir='ltr'><strong>se</strong></span> <span class='ocrx_word' id='word_1_311' title='bbox 1341 4063 1440 4121; x_wconf 87' lang='lat' dir='ltr'><strong>divino</strong></span> <span class='ocrx_word' id='word_1_312' title='bbox 1456 4063 1563 4118; x_wconf 89' lang='lat' dir='ltr'><strong>iudicio</strong></span> 
     </span>
     <span class='ocr_line' id='line_1_36' title="bbox 369 4169 1563 4241; baseline -0.001 -19"><span class='ocrx_word' id='word_1_313' title='bbox 369 4169 490 4225; x_wconf 87' lang='lat' dir='ltr'><strong>existere</strong></span> <span class='ocrx_word' id='word_1_314' title='bbox 511 4171 546 4224; x_wconf 92' lang='lat' dir='ltr'><strong>de</strong></span> <span class='ocrx_word' id='word_1_315' title='bbox 566 4174 730 4241; x_wconf 91' lang='lat' dir='ltr'><strong>perpetrata</strong></span> <span class='ocrx_word' id='word_1_316' title='bbox 749 4169 904 4241; x_wconf 90' lang='lat' dir='ltr'><strong>iniquitate</strong></span> <span class='ocrx_word' id='word_1_317' title='bbox 923 4176 1077 4240; x_wconf 87' lang='lat' dir='ltr'><strong>cognoseat</strong></span> <span class='ocrx_word' id='word_1_318' title='bbox 1096 4176 1124 4225; x_wconf 90' lang='lat' dir='ltr'><strong>et</strong></span> <span class='ocrx_word' id='word_1_319' title='bbox 1144 4188 1161 4224; x_wconf 92' lang='lat' dir='ltr'><strong>a</strong></span> <span class='ocrx_word' id='word_1_320' title='bbox 1181 4169 1371 4224; x_wconf 88' lang='lat' dir='ltr'><strong>saeratissimo</strong></span> <span class='ocrx_word' id='word_1_321' title='bbox 1392 4185 1511 4240; x_wconf 88' lang='lat' dir='ltr'><strong>corpore</strong></span> <span class='ocrx_word' id='word_1_322' title='bbox 1530 4185 1563 4222; x_wconf 87' lang='lat' dir='ltr'><strong>ac</strong></span> 
     </span>
     <span class='ocr_line' id='line_1_37' title="bbox 368 4271 1563 4346; baseline -0.002 -17"><span class='ocrx_word' id='word_1_323' title='bbox 368 4273 510 4346; x_wconf 83' lang='lat' dir='ltr'><strong>sanguine</strong></span> <span class='ocrx_word' id='word_1_324' title='bbox 525 4274 571 4328; x_wconf 90' lang='lat' dir='ltr'><strong>dei</strong></span> <span class='ocrx_word' id='word_1_325' title='bbox 587 4279 617 4327; x_wconf 91' lang='lat' dir='ltr'><strong>et</strong></span> <span class='ocrx_word' id='word_1_326' title='bbox 631 4273 737 4328; x_wconf 91' lang='lat' dir='ltr'><strong>domini</strong></span> <span class='ocrx_word' id='word_1_327' title='bbox 764 4274 951 4345; x_wconf 88' lang='lat' dir='ltr'><strong>redemptoris</strong></span> <span class='ocrx_word' id='word_1_328' title='bbox 971 4274 1060 4328; x_wconf 91' lang='lat' dir='ltr'><strong>nostri</strong></span> <span class='ocrx_word' id='word_1_329' title='bbox 1080 4273 1145 4329; x_wconf 91' lang='lat' dir='ltr'><strong>Iesu</strong></span> <span class='ocrx_word' id='word_1_330' title='bbox 1165 4272 1272 4329; x_wconf 85' lang='lat' dir='ltr'><strong>Obristi</strong></span> <span class='ocrx_word' id='word_1_331' title='bbox 1292 4271 1458 4328; x_wconf 89' lang='lat' dir='ltr'><strong>alienafiat</strong></span> <span class='ocrx_word' id='word_1_332' title='bbox 1478 4280 1563 4344; x_wconf 85' lang='lat' dir='ltr'><strong>atque</strong></span> 
     </span>
     <span class='ocr_line' id='line_1_38' title="bbox 368 4367 1563 4434; baseline 0 -3"><span class='ocrx_word' id='word_1_333' title='bbox 368 4379 398 4432; x_wconf 90' lang='lat' dir='ltr'><strong>in</strong></span> <span class='ocrx_word' id='word_1_334' title='bbox 414 4384 538 4434; x_wconf 85' lang='lat' dir='ltr'><strong>extremo</strong></span> <span class='ocrx_word' id='word_1_335' title='bbox 553 4377 683 4433; x_wconf 87' lang='lat' dir='ltr'><strong>examine</strong></span> <span class='ocrx_word' id='word_1_336' title='bbox 699 4367 808 4434; x_wconf 87' lang='lat' dir='ltr'><strong>divine</strong></span> <span class='ocrx_word' id='word_1_337' title='bbox 823 4378 927 4433; x_wconf 91' lang='lat' dir='ltr'><strong>ultioni</strong></span> <span class='ocrx_word' id='word_1_338' title='bbox 947 4377 1103 4434; x_wconf 87' lang='lat' dir='ltr'><strong>subiaceat.</strong></span> <span class='ocrx_word' id='word_1_339' title='bbox 1135 4377 1253 4434; x_wconf 81' lang='lat' dir='ltr'><strong>Cunctis</strong></span> <span class='ocrx_word' id='word_1_340' title='bbox 1273 4383 1368 4433; x_wconf 90' lang='lat' dir='ltr'><strong>autem</strong></span> <span class='ocrx_word' id='word_1_341' title='bbox 1388 4377 1481 4432; x_wconf 88' lang='lat' dir='ltr'><strong>eidem</strong></span> <span class='ocrx_word' id='word_1_342' title='bbox 1501 4378 1563 4432; x_wconf 91' lang='lat' dir='ltr'><strong>loco</strong></span> 
     </span>
    </p>
   </div>
   <div class='ocr_carea' id='block_1_3' title="bbox 369 4611 1562 4753">
    <p class='ocr_par' dir='ltr' id='par_1_3' title="bbox 369 4611 1562 4753">
     <span class='ocr_line' id='line_1_39' title="bbox 369 4611 1562 4680; baseline -0.004 -16"><span class='ocrx_word' id='word_1_343' title='bbox 369 4611 414 4667; x_wconf 78' lang='lat' dir='ltr'><strong>lt.</strong></span> <span class='ocrx_word' id='word_1_344' title='bbox 474 4614 583 4680; x_wconf 67' lang='lat' dir='ltr'><strong>arolgl</strong></span> <span class='ocrx_word' id='word_1_345' title='bbox 601 4617 663 4665; x_wconf 77' lang='lat' dir='ltr'><strong>eiras</strong></span> <span class='ocrx_word' id='word_1_346' title='bbox 680 4614 772 4666; x_wconf 80' lang='lat' dir='ltr'><strong>lrleine</strong></span> <span class='ocrx_word' id='word_1_347' title='bbox 790 4615 884 4664; x_wconf 85' lang='lat' dir='ltr'><strong>Rasnr.</strong></span> <span class='ocrx_word' id='word_1_348' title='bbox 899 4614 956 4650; x_wconf 77' lang='lat'><strong>-¹¹</strong></span> <span class='ocrx_word' id='word_1_349' title='bbox 976 4614 1030 4662; x_wconf 88' lang='lat' dir='ltr'><strong>Das</strong></span> <span class='ocrx_word' id='word_1_350' title='bbox 1048 4615 1143 4664; x_wconf 85' lang='lat' dir='ltr'><strong>aweite</strong></span> <span class='ocrx_word' id='word_1_351' title='bbox 1160 4631 1173 4664; x_wconf 82' lang='lat' dir='ltr'><strong>e</strong></span> <span class='ocrx_word' id='word_1_352' title='bbox 1191 4614 1274 4665; x_wconf 86' lang='lat' dir='ltr'><strong>durch</strong></span> <span class='ocrx_word' id='word_1_353' title='bbox 1293 4615 1339 4664; x_wconf 91' lang='lat' dir='ltr'><strong>ein</strong></span> <span class='ocrx_word' id='word_1_354' title='bbox 1353 4612 1427 4664; x_wconf 67' lang='lat' dir='ltr'><strong>Iaocb</strong></span> <span class='ocrx_word' id='word_1_355' title='bbox 1441 4617 1562 4664; x_wconf 77' lang='lat' dir='ltr'><strong>serstort.</strong></span> 
     </span>
     <span class='ocr_line' id='line_1_40' title="bbox 370 4700 1383 4753; baseline 0.002 -3"><span class='ocrx_word' id='word_1_356' title='bbox 370 4730 403 4737; x_wconf 96' lang='lat'><em>-</em></span> <span class='ocrx_word' id='word_1_357' title='bbox 422 4711 432 4733; x_wconf 76' lang='lat'><strong>⁰</strong></span> <span class='ocrx_word' id='word_1_358' title='bbox 450 4700 498 4752; x_wconf 91' lang='lat' dir='ltr'><strong>das</strong></span> <span class='ocrx_word' id='word_1_359' title='bbox 516 4703 611 4753; x_wconf 82' lang='lat' dir='ltr'><strong>aweite</strong></span> <span class='ocrx_word' id='word_1_360' title='bbox 627 4719 645 4751; x_wconf 84' lang='lat' dir='ltr'><strong>a</strong></span> <span class='ocrx_word' id='word_1_361' title='bbox 664 4702 731 4751; x_wconf 84' lang='lat' dir='ltr'><strong>liber</strong></span> <span class='ocrx_word' id='word_1_362' title='bbox 749 4704 815 4753; x_wconf 83' lang='lat' dir='ltr'><strong>awai</strong></span> <span class='ocrx_word' id='word_1_363' title='bbox 833 4700 945 4751; x_wconf 88' lang='lat' dir='ltr'><strong>kleiuen</strong></span> <span class='ocrx_word' id='word_1_364' title='bbox 964 4700 1095 4750; x_wconf 73' lang='lat' dir='ltr'><strong>bochem.</strong></span> <span class='ocrx_word' id='word_1_365' title='bbox 1117 4730 1145 4737; x_wconf 96' lang='lat'><em>-</em></span> <span class='ocrx_word' id='word_1_366' title='bbox 1166 4702 1206 4751; x_wconf 75' lang='lat' dir='ltr'><strong>&#39;o</strong></span> <span class='ocrx_word' id='word_1_367' title='bbox 1224 4703 1273 4752; x_wconf 85' lang='lat' dir='ltr'><strong>auf</strong></span> <span class='ocrx_word' id='word_1_368' title='bbox 1289 4702 1383 4752; x_wconf 82' lang='lat' dir='ltr'><strong>Rasnr.</strong></span> 
     </span>
    </p>
   </div>
   <div class='ocr_carea' id='block_1_4' title="bbox 0 0 1709 5350">
    <p class='ocr_par' dir='ltr' id='par_1_4' title="bbox 0 0 1709 5350">
     <span class='ocr_line' id='line_1_41' title="bbox 0 0 1709 5350; baseline 0 0"><span class='ocrx_word' id='word_1_369' title='bbox 0 0 1709 5350; x_wconf 95' lang='lat' dir='ltr'><strong> </strong></span> 
     </span>
    </p>
   </div>
  </div>
 </body>
</html>
