3400 5350
365 411 386 477 2

364 628 446 689 mus,
477 606 613 694 qualiter
640 629 699 673 nos
731 607 772 673 ob
802 611 1018 674 interventum
1048 632 1088 674 ae
1114 611 1298 696 petitionem
1326 608 1551 675 dilectissimae

364 713 527 797 genitricis
557 722 685 779 nostrae
712 712 847 799 Agnetis
879 716 1090 799 imperatricis
1118 725 1275 801 augustae
1306 714 1433 779 cuidem
1463 714 1551 780 fideli

363 824 471 881 nostro
494 815 605 883 Ovono
635 817 721 884 dicto
744 818 859 884 decem
881 818 1005 904 regulos
1029 840 1157 884 mansos
1180 822 1213 884 in
1235 818 1311 883 villa
1334 817 1551 885 szbretdes·

364 918 441 985 dorf
449 921 460 958 ¹
490 930 523 986 et
552 921 702 988 deorsum
724 921 892 997 Svarnuba
921 931 967 1007 05*
982 924 1010 987 si
1033 922 1080 989 ibi
1107 921 1230 1009 aliquid
1253 922 1402 1007 defuerit,
1424 946 1551 988 sursum

363 1023 529 1093 Svarzaha
561 1026 784 1114 adimplendos
816 1031 852 1105 in„
884 1026 1016 1093 marcho
1045 1026 1237 1093 Karentana
1270 1038 1303 1092 et
1334 1030 1366 1092 in
1400 1029 1551 1092 comitatu

363 1128 542 1196 Otacberes
571 1131 765 1197 marchionis
794 1134 869 1197 sitos
901 1153 973 1196 eum
997 1116 1144 1196 omnibus
1167 1133 1234 1197 suis
1257 1133 1466 1218 pertinentiis,
1489 1130 1550 1197 boc

362 1245 412 1299 est
440 1236 523 1301 areis
553 1234 707 1301 aedificiis
737 1238 830 1302 terris
860 1235 954 1301 cultis
981 1246 1013 1300 et
1039 1234 1165 1301 incultis
1188 1238 1276 1321 agris
1299 1238 1398 1322 pratis
1420 1239 1546 1322 pascuis

362 1342 483 1426 campis
513 1339 600 1405 silvis
630 1341 853 1406 venationibus
883 1342 974 1426 aquis
1002 1362 1224 1427 aquarumque
1248 1340 1437 1406 decursibus
1459 1339 1548 1405 molis

360 1442 551 1510 molendinis
572 1443 800 1533 piscationibus
823 1443 962 1511 exitibus
985 1454 1017 1509 et
1039 1444 1196 1510 reditibus
1219 1447 1279 1510 viis
1300 1456 1332 1510 et
1346 1446 1439 1509 inviis
1454 1466 1549 1531 quae-

361 1551 427 1614 sitis
451 1558 483 1614 et
505 1548 704 1636 inquirendis
727 1571 785 1616 seu
807 1571 882 1615 eum
904 1552 990 1615 omni
1011 1549 1155 1635 utilitate,
1179 1571 1262 1636 quae
1284 1548 1347 1614 ullo
1363 1548 1458 1614 modo
1472 1547 1549 1613 inde

360 1656 530 1740 provenire
564 1664 676 1739 potest,
709 1656 742 1719 in
776 1656 940 1741 proprium
975 1655 1123 1721 dedimus
1156 1664 1253 1740 atque
1286 1653 1476 1719 tradidimus
1510 1676 1550 1719 ea

360 1757 512 1824 videlieet
540 1759 671 1845 ratione,
703 1768 737 1824 ut
758 1759 943 1845 praedictus
965 1759 1078 1827 Ovono
1101 1759 1142 1824 de
1165 1757 1310 1845 praefato
1333 1758 1465 1843 praedio
1487 1758 1548 1822 sibi

360 1864 494 1930 anobis
515 1864 631 1932 tradito
653 1864 788 1931 liberam
812 1864 928 1930 dehine
951 1872 1140 1952 potestatem
1162 1862 1282 1930 hebeat
1301 1863 1433 1930 tenendi
1448 1862 1548 1928 dandi

359 1968 522 2034 vendendi
538 1970 753 2035 commutandi
768 1970 992 2057 praecariandi
1012 1971 1147 2056 posteris
1168 1968 1368 2055 relinquendi
1387 1969 1439 2032 vel
1463 1970 1550 2053 quic-

359 2073 437 2159 quid
459 2073 585 2141 sibimet
607 2073 773 2160 placuerit,
796 2075 871 2140 iude
894 2074 1044 2139 faciendi.
1076 2074 1119 2139 Et
1140 2082 1176 2138 ut
1196 2072 1278 2139 haee
1300 2082 1409 2139 nostra
1431 2071 1549 2157 regalis

358 2178 486 2243 traditio
508 2177 631 2243 stabilis
654 2188 687 2243 ot
708 2178 896 2244 inconvulsa
919 2181 1004 2244 omni
1026 2187 1215 2263 permaneat
1237 2200 1327 2262 aevo,
1354 2177 1438 2242 bano
1461 2178 1548 2263 pegi·

358 2304 434 2347 nam
461 2281 536 2347 inde
565 2282 722 2348 conscribi
744 2305 907 2370 manuque
930 2285 1070 2370 propria,
1092 2293 1128 2347 ut
1150 2281 1262 2348 subtus
1284 2282 1423 2366 videtur,
1447 2303 1549 2346 corro-

357 2386 509 2452 borantes
532 2386 625 2472 sigllli
647 2389 744 2453 nostri
767 2389 996 2474 impraessione
1019 2389 1169 2453 iussimus
1191 2389 1345 2474 insigniri.

462 2528 478 2614 }{
502 2527 637 2612 Signum
661 2525 779 2592 domini
801 2527 948 2592 Heinrici
972 2526 1101 2613 (ΜΓ.)2
1128 2529 1232 2613 quarti
1255 2527 1351 2612 regis.
1376 2526 1391 2611 }{

460 2668 475 2754 }{
498 2665 714 2734 Gebehardue
746 2666 955 2733 cancellarius
985 2668 1057 2732 vice
1080 2665 1246 2732 Liutboldi
1268 2664 1544 2732 archicancellarii

357 2773 538 2858 recognovi.
561 2772 576 2856 ξ
617 2771 681 2857 (SI.
698 2770 755 2858 D.)

460 2912 549 2978 Data
563 2912 629 2977 VH
651 2910 810 2978 kalendas
832 2910 1017 2977 novembris
1039 2933 1123 2977 auno
1144 2910 1302 2975 dominice
1318 2911 1545 2975 incarnationis

357 3016 516 3100 MLVIII,
539 3016 712 3082 indictione
728 3016 788 3100 XI,
811 3039 895 3081 enno
918 3025 1025 3081 autem
1049 3015 1255 3080 ordinationis
1278 3013 1386 3079 domui
1402 3014 1546 3080 Heinrici

357 3124 462 3208 quarti
484 3124 569 3207 regis
586 3122 627 3207 V,
649 3123 742 3207 regni
765 3143 842 3185 vero
858 3121 922 3204 1113
945 3131 1051 3187 actum
1069 3118 1328 3200 Wizenbvroh;⁸
1361 3121 1393 3184 in
1418 3117 1470 3184 dei
1493 3143 1545 3184 no·

356 3227 442 3292 mine
465 3225 614 3307 feliciter3
637 3248 741 3290 emen.

402 3437 436 3505 2.
913 3440 996 3497 1666
1013 3436 1086 3517 [lull
1104 3439 1312 3497 lt-oetobcr
1327 3434 1371 3516 6],
1388 3439 1496 3496 Gestar.

357 3630 464 3712 Kduc'p
490 3628 645 3693 Heinrich
666 3627 726 3694 11⁷.
755 3627 880 3693 semet
910 3626 1064 3705 maloin,
1095 3627 1194 3689 doen
1223 3624 1459 3688 Ministeriolen
1491 3622 1545 3687 des

357 3735 501 3816 Bulboto,
531 3734 609 3799 awei
638 3733 748 3816 nosen
777 3753 817 3795 eo
840 3729 1041 3796 oder-Plura
1071 3731 1106 3794 io
1135 3729 1191 3793 der
1219 3729 1319 3794 Mario
1348 3729 1402 3793 dea
1430 3727 1544 3793 Mark-

660 3837 775 3921 prafen
796 3834 915 3901 eruut
936 3834 985 3901 als
1006 3835 1100 3917 freies
1122 3832 1234 3916 naen.

460 4029 532 4096 Orig.
545 4029 599 4097 (A),
617 4030 694 4096 Perg.
716 4029 806 4096 Siegel
824 4026 1045 4094 durchgedruekt,
1064 4028 1092 4076 in
1110 4025 1134 4077 d,
1148 4027 1247 4077 oberen
1265 4025 1357 4076 name
1375 4024 1546 4091 boschitdigtq

356 4117 420 4169 Ood.
433 4117 461 4169 C.
481 4117 499 4168 1.
511 4113 564 4181 60’,
583 4119 613 4166 61
634 4116 687 4183 (B).

356 4275 381 4328 1.
460 4274 582 4326 ¹Dieser
604 4274 653 4324 Ort
675 4289 746 4324 musa
769 4271 832 4323 held
855 4271 953 4323 darauf
968 4269 1134 4322 verschollen
1159 4269 1222 4320 oder
1240 4271 1298 4320 sein
1316 4269 1401 4319 Name
1418 4269 1447 4317 in
1465 4268 1545 4318 einen

356 4363 473 4414 anderen
490 4361 688 4430 umgewandelt
704 4359 811 4411 worden
829 4360 895 4410 sein.
932 4359 1012 4410 Scine
1029 4359 1104 4425 Lago
1124 4360 1160 4409 ist
1179 4359 1207 4407 in
1226 4357 1273 4407 dor
1290 4356 1367 4407 Nlihe
1385 4372 1438 4406 von
1456 4355 1545 4406 Loitz-

356 4451 511 4502 mannsdorf
521 4452 552 4502 V.
567 4450 601 4501 U.
615 4450 659 4501 W.
672 4450 713 4501 W.
732 4448 787 4499 und
806 4448 854 4499 der
871 4447 1012 4498 Schwarun
1029 4463 1062 4496 zu
1080 4446 1189 4496 suchen.
1208 4471 1240 4480 -
1258 4441 1270 4473 ¹
1288 4445 1343 4495 Das
1360 4443 1543 4508 Monogramm

356 4540 427 4604 aeigt
443 4537 561 4589 deutlich
579 4537 631 4588 den
645 4535 929 4602 Vollziehungsstrich‚
948 4534 1061 4585 welcher
1079 4549 1131 4584 von
1149 4530 1262 4581 anderer
1280 4530 1434 4581 unsieherer
1453 4528 1543 4588 Hand,

356 4626 421 4677 aber
446 4627 495 4676 mit
520 4626 639 4693 gleicber
665 4625 745 4676 Tinte
772 4638 891 4691 geaogen
918 4623 959 4672 ist.
991 4649 1022 4658 —
1049 4617 1271 4684 'Weisseuburg
1296 4633 1319 4668 a.
1341 4619 1366 4668 d.
1388 4618 1472 4667 Reaat
1499 4617 1545 4667 bei

356 4712 502 4764 Eicbsttldt.
