3400 5350
336 397 397 462 186

331 589 479 655 redditus
501 591 535 654 in
556 589 821 656 Muniehhoven¹
843 592 964 674 positos
986 611 1039 654 mc
1054 611 1133 654 sano
1149 598 1181 655 et
1196 589 1347 655 incolumi
1363 591 1524 654 existente

332 693 482 777 delegavi
505 693 737 780 perpetualiter
758 692 981 779 possidendos.
1027 694 1077 758 Ne
1099 695 1200 777 igitur
1222 716 1281 779 per
1303 715 1448 758 meorum
1471 693 1525 758 he·

332 797 448 862 redum
470 797 610 884 aliquem
632 800 856 884 prenominato
879 799 1073 862 monasterio
1095 799 1128 861 in
1151 799 1330 883 pretaxatis
1344 796 1525 863 redditibus

332 901 441 988 aliqua
470 904 572 987 possit
600 904 800 988 inposterum
831 901 1017 988 calumpnia
1050 901 1198 985 suboriri,
1233 904 1311 988 ipsis
1345 900 1422 967 dedi
1454 923 1524 987 pre-

333 1015 440 1072 sentes
470 1006 593 1072 litteras
623 1007 727 1091 siglllo
758 1006 880 1072 domini
910 1006 1061 1072 Leutoldi
1091 1007 1133 1071 de
1161 1005 1330 1092 Chunring
1359 1016 1391 1071 et
1419 1005 1524 1090 sigillo

333 1111 462 1197 proprio
484 1110 663 1176 roboratas.
694 1112 809 1177 Testes
832 1111 927 1176 huius
942 1110 1130 1176 tradicionis
1146 1122 1235 1175 sunt:
1259 1109 1410 1177 dominus
1425 1094 1524 1174 Hein-

332 1217 418 1280 ricus
445 1214 487 1280 de
510 1214 691 1301 Ohnnring‚
718 1215 868 1281 dominus
890 1215 1103 1281 Perehtoldus
1131 1215 1172 1280 de
1195 1214 1347 1299 Axstain,
1375 1214 1524 1280 dominus

332 1320 482 1404 Rugerus
504 1318 547 1385 de
568 1320 751 1402 Zeucharn,
774 1320 924 1385 dominus
946 1319 1120 1386 Heinricns
1136 1318 1176 1384 de
1193 1318 1394 1406 Swelnpaob,
1417 1317 1524 1384 Chun-

332 1423 432 1489 radus
451 1421 661 1508 Wolfreuter,
691 1424 842 1510 Rugerns
873 1423 1013 1507 (hiber,
1048 1423 1243 1490 chunradus
1274 1424 1524 1508 Hinterpurger,

332 1528 506 1593 Heinricus
529 1526 683 1613 Chenner,
707 1528 893 1595 Fridericns
915 1551 1016 1613 gener
1039 1528 1204 1613 Gruhnrii,
1227 1527 1389 1611 Andreas,
1412 1526 1525 1592 Cholo-

333 1653 471 1697 mannns
493 1641 526 1697 et
546 1632 601 1697 alii
623 1654 721 1719 quam
744 1633 863 1719 plures.
907 1633 992 1698 Acta
1014 1642 1090 1700 sunt
1112 1632 1172 1698 heo
1193 1634 1227 1696 in
1250 1631 1418 1697 Ohdtwico
1439 1652 1524 1696 anno

332 1735 491 1801 dominice
527 1738 764 1802 incarnacionis
800 1736 1026 1803 MOOLXXX
1064 1745 1168 1820 sexto,
1202 1736 1378 1801 indictione
1412 1733 1523 1814 XIIII,

333 1840 409 1905 XII.
425 1839 583 1906 kalendas
606 1843 744 1927 augusti.

436 2036 457 2086 1.
480 2035 506 2087 S.
523 2035 636 2086 Alram's
654 2052 679 2086 v.
697 2036 905 2102 Hertweigstein
927 2034 1004 2096 rund,
1026 2034 1178 2100 ungelitrbt,
1200 2034 1299 2085 ΝΗ
1323 2033 1373 2100 (nr.
1390 2032 1457 2100 170).
1491 2062 1523 2071 —

332 2121 367 2172 11.
386 2121 412 2173 S.
425 2121 450 2173 d.
462 2122 578 2173 Lentold
595 2140 620 2173 v.
634 2124 774 2189 Knenring
791 2122 868 2184 rund,
887 2123 1038 2189 ungsftrbt,
1056 2122 1096 2171 111
1108 2122 1160 2171 As
1179 2121 1230 2189 (nr.
1245 2123 1294 2171 172
1312 2121 1339 2172 S.
1351 2118 1384 2188 1).

375 2364 452 2431 174.
770 2421 772 2425 .
1041 2372 1124 2429 1286
1142 2373 1301 2430 liccember
1318 2371 1367 2438 18,
1384 2371 1479 2430 Wlon.

331 2557 476 2622 Rimbert
504 2579 565 2622 voa
594 2558 777 2641 Ebersdors
801 2558 947 2640 bastdtipt
976 2559 1046 2622 &aa
1076 2557 1175 2639 srtste
1204 2555 1358 2640 Gdttweip
1387 2557 1439 2620 dic
1464 2555 1524 2620 Er-

330 2661 466 2747 lcldraap
491 2663 546 2729 des
565 2662 692 2729 Wiener
713 2662 821 2729 rada
843 2662 1027 2743 Bcadt'ttas,
1056 2663 1131 2728 dass
1160 2683 1192 2727 es
1221 2662 1287 2727 ihm
1313 2660 1415 2727 abbis
1437 2659 1524 2726 metr

860 2766 995 2832 schalde.

434 2944 507 3010 Orig.
521 2942 576 3013 (A),
592 2944 670 3010 Perg.
705 2944 778 2994 Zwei
795 2942 884 3010 Siegel
903 2958 938 2993 an
956 2942 1169 3009 Perg.·Strsilen.

435 3118 505 3203 Ego
521 3116 708 3183 Rimbertus
723 3115 764 3181 de
780 3115 960 3200 Eberstorl,
984 3116 1181 3181 camerarius
1197 3114 1338 3198 Austrie‚
1362 3116 1523 3179 universis

329 3224 529 3307 presentium
551 3219 787 3307 inspectoribus
803 3242 874 3285 esse
890 3221 984 3307 cupio
1000 3220 1217 3302 manifestum,
1242 3218 1327 3305 qnod
1344 3218 1387 3283 ad
1402 3221 1523 3283 instan-

330 3329 409 3391 tiam
433 3326 554 3391 domini
577 3325 723 3390 Heinrici
739 3325 817 3390 dicti
833 3324 875 3390 de
890 3323 1083 3409 Mevrlinge,
1106 3323 1300 3388 venerabilis
1316 3322 1442 3388 abbatis
1458 3344 1523 3388 mo·

330 3432 462 3495 nasterii
478 3429 740 3512 Chotewicensis,
763 3431 926 3515 totiusque
946 3438 1125 3494 conventus
1141 3428 1278 3493 fratrum
1293 3450 1424 3494 suorum
1440 3427 1522 3492 Ben·

331 3533 432 3599 dittus
451 3534 573 3599 *iudeus
601 3534 643 3599 de
662 3535 813 3616 Wienna,
843 3535 899 3620 qui
922 3532 1188 3618 predecessorum
1212 3554 1344 3597 suornm
1367 3530 1521 3596 abbatum

330 3637 482 3703 videlicet
504 3638 545 3703 de
568 3638 752 3705 Cbotewico
775 3638 971 3725 quandoque
994 3637 1136 3703 creditor
1158 3636 1328 3720 existebat,
1351 3636 1394 3701 ad
1416 3658 1522 3701 meam

331 3752 484 3809 evocatus
518 3746 713 3829 presentiam
748 3742 877 3830 publice
906 3744 1104 3826 recognovit,
1140 3740 1226 3828 quod
1256 3742 1342 3805 idem
1373 3740 1522 3805 dominus

331 3847 433 3913 abbas
461 3858 493 3913 et
520 3870 612 3914 suum
640 3851 870 3914 monasterium
894 3850 1022 3930 nomine
1046 3868 1177 3913 snorum
1199 3846 1466 3933 predecessorum
1489 3848 1521 3910 in

330 3950 417 4017 nullo
440 3952 563 4017 credito
586 3951 647 4017 sibi
675 3955 803 4038 penitus
830 3961 1029 4035 tenerentur,
1061 3953 1158 4016 immo
1189 3950 1276 4038 quod
1306 3953 1460 4017 universa
1489 3961 1522 4015 et

331 4056 458 4140 singula
485 4056 597 4121 debita
624 4056 700 4121 olim
721 4066 800 4143 aput
822 4059 929 4143 ipsum
951 4064 1118 4121 contracta
1141 4057 1203 4120 sint
1226 4054 1350 4121 dudum
1373 4055 1467 4141 plene
1490 4065 1522 4119 et

330 4160 531 4245 integraliter
547 4161 719 4246 persoluta.
751 4162 905 4226 Restituit
926 4163 1037 4247 itaque
1060 4169 1092 4226 et
1107 4162 1277 4226 restituere
1292 4161 1438 4246 promisit
1453 4161 1522 4224 sine

330 4420 390 4475 173.
431 4422 440 4454 ¹
458 4424 652 4485 Minicbhofsn,
672 4423 703 4474 V.
714 4423 748 4474 U.
758 4423 794 4473 M.
805 4423 835 4472 B.
872 4421 1031 4488 Keiblinger
1054 4422 1132 4473 leitet
1149 4422 1200 4473 den
1219 4422 1323 4473 Nomen
1341 4422 1427 4472 dieses
1445 4422 1523 4473 Ortss

330 4527 383 4560 von
402 4510 461 4560 dem
480 4512 643 4577 Gtttweigar
654 4511 725 4561 Hele
743 4510 862 4561 daselbst
879 4511 921 4573 ab,
944 4509 1068 4570 walchen
1086 4510 1138 4560 wie
1155 4524 1184 4560 er
1202 4511 1293 4572 meint,
1315 4508 1464 4559 Monobhol
1478 4524 1523 4575 ge-

331 4601 417 4647 nsnnt
438 4598 529 4648 wurde
552 4597 606 4648 und
630 4598 692 4649 bold
711 4597 771 4648 dem
788 4612 893 4663 gunnes
913 4602 966 4648 erat
984 4595 1176 4647 sntstebenden
1195 4596 1259 4647 Orto
1277 4596 1330 4647 den
1349 4597 1453 4647 Namsn
1470 4597 1523 4663 gab

330 4683 416 4749 (nen
433 4682 508 4750 usn
526 4685 598 4751 cos).
