3400 5350
367 445 432 511 130

410 638 489 706 123.
1421 642 1516 701 1243.

367 811 459 894 Graf
474 811 610 877 Lectold
630 831 691 876 voa
712 811 866 895 Hordepy
888 811 1013 878 ecbenkt
1034 812 1105 876 ἀεηι
1119 810 1218 894 satae
1232 808 1386 895 Gottwcip
1407 832 1481 876 eam
1494 810 1557 876 Er-

366 921 452 982 sotae
473 916 527 983 des
548 916 722 982 danaber
743 937 803 981 oon
824 918 933 984 saaca
955 916 1172 983 Uatcrtbenea
1192 917 1380 999 sepefagtca
1400 915 1559 981 Scbadavs

366 1023 419 1086 ein
440 1021 546 1086 chcn
567 1041 609 1085 aa
630 1020 815 1087 Loidestbol
836 1027 931 1087 nater
953 1021 1080 1087 blossem
1100 1021 1283 1087 Vcrbebalte
1307 1021 1365 1086 der
1386 1019 1558 1103 aamtoclt-

717 1124 819 1191 licbca
841 1126 949 1209 Voqtei
969 1127 1045 1192 siber
1066 1125 1215 1192 dosselbc

471 1310 543 1377 Orig.
568 1308 621 1376 (A),
650 1310 728 1376 Perg.
763 1311 829 1361 Drei
856 1310 945 1377 Siegsl
974 1326 1010 1361 an
1036 1310 1254 1377 Perg.·Streitsn;
1285 1309 1369 1376 Cepis
1398 1311 1428 1361 in
1454 1309 1559 1361 Codc

367 1399 385 1449 l.
400 1394 468 1449 oo'f.
489 1395 542 1465 (B).

470 1520 575 1582 Karlin,
594 1522 646 1571 310
664 1537 704 1571 nr.
717 1521 750 1570 lb
768 1536 816 1572 aus
834 1522 865 1571 B.

469 1704 510 1769 In
532 1706 661 1768 nomine
683 1705 782 1789 patris
805 1711 838 1768 et
859 1702 915 1768 filii
939 1712 971 1768 et
985 1705 1114 1789 spiritus
1130 1706 1242 1769 saneti.
1265 1702 1483 1790 L(eutoldus),
1508 1704 1560 1769 dei

367 1810 471 1895 gratia
502 1830 608 1873 comcs
638 1810 672 1873 in
693 1807 863 1893 Hardeke,
894 1807 1042 1874 omnibus
1072 1807 1157 1873 hanc
1187 1810 1339 1894 paginam
1368 1810 1560 1894 inspecturis

368 1912 504 1977 salutem
533 1914 566 1977 in
599 1910 736 1977 dominc.
782 1912 829 1978 Ut
858 1913 974 1977 mentis
1006 1911 1123 1977 oblivio
1153 1922 1258 1978 cesset
1285 1922 1318 1978 et
1338 1912 1400 1977 litis
1423 1914 1560 1995 occasio,

367 2026 460 2103 gesta
482 2015 646 2081 bominum
669 2016 772 2081 solent
795 2018 953 2102 scripture
975 2017 1155 2081 testimonio
1182 2016 1338 2081 roborari.
1384 2016 1472 2082 Hinc
1503 2025 1560 2100 est,

368 2120 454 2207 quod
477 2122 678 2186 universitati
701 2120 842 2187 omnium
865 2120 1010 2186 fidelium
1033 2129 1181 2185 constare
1203 2120 1362 2205 volumus,
1393 2120 1481 2207 quod
1504 2141 1561 2185 nos

367 2236 439 2311 post
471 2227 664 2312 gravamina
697 2233 730 2290 et
762 2227 894 2291 iniurias
925 2226 1123 2293 Gotwicensi
1153 2225 1289 2291 ecclesie
1321 2247 1382 2312 per
1414 2224 1561 2290 homines

367 2340 492 2395 nostros
526 2329 698 2416 aliquando
732 2329 845 2406 illatas,
883 2353 924 2395 ne
957 2329 1209 2415 indignationem
1244 2338 1276 2395 et
1311 2332 1393 2394 iram
1429 2332 1561 2415 superni

367 2434 491 2519 iudicis,
527 2437 618 2499 emus
651 2434 721 2500 laus
755 2444 804 2500 est
837 2437 871 2500 in
901 2434 1039 2501 ecclesia
1069 2444 1264 2519 sanctorum,
1298 2443 1411 2499 contra
1440 2455 1499 2499 nos
1530 2435 1561 2497 in

369 2540 478 2605 ultimo
509 2540 658 2604 examine
686 2562 947 2626 provocaremus,
976 2538 1110 2605 tandem
1132 2541 1184 2626 pio
1207 2541 1321 2604 mentis
1344 2539 1475 2623 affeetu,
1499 2560 1561 2625 quo

369 2644 580 2711 movebamur
613 2646 700 2709 circa
730 2642 884 2710 eeclesias
914 2642 1042 2728 Christi,
1073 2643 1249 2731 dampnum
1279 2642 1423 2730 predicto
1454 2664 1560 2708 mona·

369 2753 464 2815 sterio
494 2752 670 2835 irrogatum
699 2772 759 2835 per
788 2771 847 2815 nos
879 2749 1013 2835 dignum
1043 2749 1194 2815 duximus
1225 2748 1285 2813 sibi
1314 2770 1560 2835 recompensan-

371 2853 449 2919 dum
481 2877 541 2941 per
574 2853 706 2940 dignam
740 2854 992 2919 satisfactionem
1024 2854 1079 2919 tali
1109 2854 1214 2937 modo,
1248 2853 1336 2940 quod
1366 2874 1423 2919 nos
1455 2852 1560 2918 eidem

369 2958 565 3024 Gotwicensi
587 2958 725 3023 ecclesie
748 2958 939 3023 contulimus
962 2957 1158 3023 beneficium
1180 2981 1280 3023 unum
1301 2960 1335 3023 in
1356 2955 1560 3023 Livtoltstal¹

371 3085 446 3127 cum
477 3063 625 3127 omnibus
656 3062 866 3149 proventibus
893 3061 976 3128 illius
1000 3085 1038 3127 ea
1061 3063 1193 3145 ratione,
1216 3061 1422 3148 quodetiam
1445 3061 1561 3126 fratres

369 3166 506 3254 predicti
538 3169 722 3232 monasterii
755 3167 850 3251 mala,
886 3189 948 3253 que
978 3165 1122 3232 homines
1151 3168 1251 3231 nostri
1282 3175 1501 3231 exercuerunt
1529 3167 1560 3228 in

369 3272 460 3336 bonis
483 3272 636 3356 ipsorum,
667 3273 783 3336 intuitu
806 3271 860 3335 dei
883 3281 915 3335 et
936 3281 1088 3357 respectu
1109 3273 1209 3336 nostri
1231 3273 1352 3336 servitii
1373 3269 1561 3335 relaxarunt

370 3384 402 3440 et
432 3374 518 3460 quod
548 3396 606 3439 nos
635 3373 755 3439 nullam
784 3374 1039 3440 iurisdictionem
1068 3376 1101 3441 in
1132 3374 1246 3441 eodem
1273 3375 1431 3440 beneficio
1464 3373 1560 3438 habe·

368 3500 477 3544 remus
508 3478 662 3564 deinceps
693 3480 775 3543 nisi·
805 3482 909 3565 ipsam
939 3478 1143 3544 advocatiam
1172 3491 1303 3566 propter
1326 3478 1423 3544 deum
1446 3478 1561 3564 simpli·

369 3585 449 3648 citer
470 3583 596 3669 absque
618 3583 735 3648 fructu.
778 3584 933 3650 Preterea
954 3584 1144 3649 adiunctum
1165 3584 1236 3668 fuit,
1258 3594 1295 3649 ut
1317 3585 1344 3648 si
1366 3582 1561 3669 procedente

368 3699 512 3775 tempore
542 3687 635 3752 nobis
667 3698 699 3753 et
727 3688 881 3754 fratribus
904 3688 1164 3756 Gotwicensibus
1193 3688 1362 3774 placuerit,
1384 3709 1443 3752 nos
1466 3687 1561 3752 bene·

370 3793 479 3857 ficium
506 3791 586 3857 illud
613 3795 646 3856 in
669 3793 854 3859 Livtoltstal
876 3803 1006 3879 propter
1028 3797 1236 3859 remotionem
1259 3793 1321 3857 loci
1343 3791 1562 3857 mutuabimns

370 3897 452 3962 datis
476 3896 675 3962 Gotwicensi
701 3897 838 3962 ecclesie
866 3896 1024 3963 reditibus
1053 3897 1189 3963 duorum
1211 3897 1403 3962 talentorum
1426 3899 1459 3960 in
1482 3895 1562 3978 loco,

369 4004 424 4090 qui
454 4005 557 4088 magis
586 4004 713 4067 vicinus
740 4003 898 4067 videatur.
944 4003 987 4066 Et
1014 4012 1050 4067 ut
1071 4005 1132 4068 ista
1155 4002 1284 4068 donatio
1307 4000 1429 4066 stabilis
1452 4000 1511 4065 fiat
1532 4010 1563 4064 ct

369 4110 505 4192 integra,
536 4114 720 4192 presentem
751 4109 904 4192 paginam
931 4106 1034 4192 sigillo
1057 4116 1165 4172 nostro
1189 4117 1221 4173 et
1243 4116 1420 4171 conventus
1445 4105 1562 4170 Gotvvi-

369 4214 474 4277 eensis
503 4234 631 4277 necnon
661 4221 693 4275 et
723 4211 826 4296 sigillo
858 4210 965 4276 dilecti
993 4214 1099 4296 patrui
1127 4213 1227 4276 nostri
1251 4212 1373 4275 comitis
1395 4209 1563 4276 Ohunradi

368 4315 503 4381 fecimus
537 4316 685 4381 roborari
718 4315 854 4381 testibus
888 4316 1012 4380 idoneis
1045 4314 1210 4381 adhibitis:
1257 4316 1388 4382 Ulricus
1422 4316 1562 4399 Vuhsso,

368 4539 433 4595 123.
472 4553 486 4577 ⁸
503 4544 559 4595 Das
576 4544 714 4610 folgende:
732 4545 818 4608 ipsam
836 4543 996 4594 advocatam
1005 4551 1113 4610 prepter
1124 4543 1199 4594 deum
1211 4545 1360 4610 sinwliciter
1372 4545 1467 4609 αόεφω
1473 4546 1564 4611 fracta

368 4630 418 4679 auf
433 4631 528 4681 Rasur.

472 4732 483 4764 ¹
501 4734 667 4799 Loidesthal,
685 4734 754 4785 Dorf
769 4734 865 4785 dstlich
884 4751 936 4785 von
955 4735 1139 4798 Nicetes-Sola,
1158 4735 1189 4789 V.
1204 4736 1238 4787 U.
1251 4736 1287 4787 Μ
1300 4736 1331 4786 Β.
