3400 5350
335 435 398 501 328

438 629 458 679 1.
482 628 550 679 rund
573 624 638 696 (25),
660 626 812 692 ungefltrbt,
830 626 938 677 IVM.
975 626 1110 678 Umsehr.:
1129 626 1145 690 †
1163 626 1190 676 S.
1207 624 1362 676 orrouls
1375 639 1381 650 ·
1393 626 1442 674 DE
1454 639 1461 651 ·
1474 623 1524 674 ES-

333 716 436 768 LARD.
461 713 679 782 Wappenscbild,
697 714 765 765 abb.
778 714 806 763 in
825 714 915 764 Mittb.
928 713 953 764 d.
966 713 1220 764 Altertb.·Veraines
1237 712 1296 775 XV,
1316 713 1365 761 160
1384 711 1545 781 1131--

334 804 369 853 11.
396 802 560 868 beschiidigt,
587 801 753 867 secbseckig‚
779 800 931 866 ungafarbt,
959 800 1033 850 lvn
1052 802 1074 848 1.
1111 798 1247 850 Umachr.:
1277 798 1306 865 [†
1333 797 1372 864 S.]
1394 798 1525 848 orme·

335 890 446 941 VIDVG
467 904 473 917 ·
497 886 717 954 (1111111·“0111[Β]ι
753 889 809 938 Der
836 886 919 939 Greif.
954 888 1002 937 111.
1030 886 1196 952 seehseckig‚
1222 886 1373 953 ungefirbt,
1401 885 1478 936 ΝΔ
1501 887 1526 933 2.

335 976 471 1028 Umscbr.:
489 977 507 1041 †
524 976 551 1027 S.
568 974 934 1027 N100Lal·POLLOnIS.
959 974 1012 1024 Ein
1031 974 1147 1040 Sparten
1166 972 1221 1023 und
1239 972 1296 1023 drei
1314 971 1526 1022 Lindenblaaer.

335 1090 368 1101 -
380 1063 427 1114 1v.
440 1061 606 1128 berchildigt,
620 1061 784 1128 secbsecldg,
802 1061 956 1127 ungafarbt,
973 1060 1044 1112 ΝΑ
1056 1063 1081 1110 2.
1107 1060 1242 1111 Umscbr.:
1261 1061 1279 1125 †
1295 1058 1347 1125 [S.]
1365 1057 1526 1111 mooun·

335 1151 382 1200 De
395 1164 401 1177 ·
414 1148 560 1201 schulsa.
585 1148 802 1215 Wappemchild,
821 1148 877 1214 vgl.
888 1147 914 1198 S.
927 1149 948 1199 L

379 1428 459 1497 349.
1028 1431 1111 1491 1327
1128 1432 1278 1507 11111124,
1296 1426 1482 1509 [Gottwclgl

336 1639 407 1704 Dus
433 1638 514 1721 sript
543 1636 696 1721 Gottwcip
727 1640 841 1703 nimmt
874 1639 933 1703 dua
964 1638 1260 1720 Benedictinerstilt
1286 1635 1462 1719 Alteabarp
1492 1637 1529 1700 iu

661 1743 747 1808 seiae
768 1740 1115 1825 Gebetsverbrtidoranp
1136 1742 1206 1823 aas.

440 1956 512 2021 Orig.
526 1956 561 2005 im
580 1954 658 2006 Arch.
676 1954 700 2005 d.
720 1954 812 2006 Stiftes
831 1954 981 2021 Altenburg
999 1971 1038 2005 ur.
1054 1957 1103 2004 119
1122 1951 1176 2022 (Α),
1195 1954 1271 2020 Perg.
1295 1954 1368 2004 Zwei
1386 1953 1475 2019 Siegel
1493 1969 1530 2002 an

336 2044 551 2109 Perg.-Streifen.

441 2166 543 2231 Burger
561 2166 589 2215 in
607 2164 684 2215 Font.
705 2167 729 2225 2,
748 2164 821 2229 XXI,
843 2165 890 2214 173
909 2180 948 2214 nr.
965 2165 1020 2214 167.

441 2304 534 2355 Dictat
552 2305 603 2355 wie
621 2304 650 2353 iu
668 2320 708 2354 nr.
721 2304 781 2354 258.

441 2476 643 2542 Reverendis
665 2479 697 2542 in
714 2476 840 2543 Christo
864 2475 1010 2563 patribus
1034 2476 1171 2542 dominis
1194 2486 1226 2541 et
1245 2479 1357 2542 amieis
1373 2499 1412 2541 ac
1427 2477 1529 2542 fratri·

339 2584 398 2649 bus
428 2581 613 2669 predilectis
647 2581 774 2647 domino
804 2582 959 2647 Haiurioo
993 2581 1114 2664 abbati,
1150 2580 1278 2647 dennno
1309 2581 1530 2648 cholomanno

337 2691 435 2776 priori
458 2690 577 2775 totique
601 2691 774 2754 conventui
797 2688 934 2753 ecclesie
956 2690 1059 2753 sancti
1082 2688 1250 2753 Lamberti
1272 2689 1305 2753 in
1325 2687 1532 2773 Altenburga

339 2795 413 2860 Otto
446 2793 499 2858 dei
529 2795 640 2879 gracia
670 2792 784 2876 abbas,
811 2792 1019 2858 Helenwicus
1048 2794 1135 2880 prior
1163 2801 1328 2879 totumquo
1360 2792 1531 2879 collegium

338 2900 522 2965 monasterii
553 2897 783 2964 Chotwieensis
814 2920 889 2962 cum
919 2896 1043 2963 devotis
1073 2896 1276 2963 oracionibus
1306 2899 1531 2963 reverenciam

338 3003 437 3068 fidem
464 3025 557 3089 spem
582 3004 735 3068 universa
762 3002 823 3067 hee
851 3002 1061 3068 confirmante
1089 3002 1232 3067 fraterna
1255 3005 1387 3068 cantate
1410 3004 1444 3067 in
1466 3002 1532 3069 filio

338 3109 472 3194 virginis
501 3108 647 3193 gloriose.
695 3106 778 3173 Cum
815 3131 859 3172 ex
897 3109 1063 3172 sentencia
1096 3108 1322 3194 sapientissimi
1352 3106 1533 3172 Salomonis

339 3221 399 3277 etc.
444 3211 528 3278 Cum
559 3234 635 3297 ergo
666 3211 786 3277 domini
816 3222 848 3277 et
877 3211 993 3276 fratres
1023 3211 1184 3276 karissimi
1207 3210 1249 3277 de
1271 3213 1387 3276 vestris
1410 3212 1531 3276 sanctis

339 3316 542 3382 oracionibus
563 3339 603 3382 ac
624 3316 695 3381 aliis
717 3316 879 3402 religionis
902 3316 1054 3403 operibus
1076 3327 1219 3382 nostram
1242 3315 1471 3403 negligentiam
1491 3339 1531 3381 ac

341 3422 496 3487 bonorum
527 3443 660 3507 operum
690 3423 831 3508 inopiam
863 3443 1029 3508 speremus
1059 3422 1196 3508 pleniter
1217 3445 1257 3486 ac
1280 3421 1412 3487 uberius
1434 3422 1530 3486 refor-

340 3528 432 3612 mari,
464 3526 594 3591 karitati
628 3536 734 3592 vestre
767 3549 826 3612 per
859 3537 1027 3613 presentes
1060 3525 1192 3612 plenum
1225 3528 1427 3613 participium
1460 3527 1533 3591 mis·

339 3654 449 3698 aarum
482 3634 666 3697 oracionum
698 3634 888 3698 ieiuniorum
921 3632 1104 3718 vigiliarum
1133 3656 1173 3699 ac
1204 3635 1345 3698 omnium
1374 3632 1532 3698 bonorum

340 3758 484 3822 operum,
508 3758 571 3821 que
593 3737 626 3800 in
649 3745 758 3802 nostra
780 3736 919 3801 ecclesia
942 3759 962 3802 a
983 3745 1093 3801 nostra
1108 3736 1282 3823 fragilitate
1297 3745 1447 3823 poterunt
1461 3759 1532 3824 per·

340 3843 469 3927 petrari,
492 3839 668 3906 liberaliter
689 3864 729 3906 ac
752 3840 908 3928 hylariter
930 3841 1138 3907 fraternitatis
1160 3844 1289 3907 nomine
1312 3841 1532 3908 condonamus

341 3944 402 4009 bac
433 3944 621 4010 condicione
651 3947 781 4029 inserta,
812 3956 847 4012 ut
875 3955 1171 4032 quantumcumque
1193 3947 1328 4012 fratrum
1350 3957 1459 4012 vestre
1482 3969 1532 4011 ec·

341 4049 437 4115 olesie
460 4050 662 4116 sacerdotem
685 4051 737 4116 vel
759 4050 940 4138 dyaconem
955 4050 1103 4117 dominus
1118 4055 1292 4136 vocaverit,
1316 4051 1409 4117 huius
1426 4054 1533 4117 carnis

339 4157 510 4221 terminum
540 4155 583 4220 ad
613 4165 794 4222 extremum
822 4157 1018 4221 camerarius
1048 4158 1117 4222 sive
1139 4156 1229 4241 alter,
1253 4159 1308 4243 qui
1329 4155 1430 4222 habet
1451 4155 1533 4222 ordi·

341 4282 419 4325 nare
450 4259 491 4325 de
521 4259 665 4326 vestibus
693 4269 901 4345 mortuorum,
924 4262 1070 4347 precium
1092 4260 1200 4326 baiulo
1223 4260 1264 4325 de
1287 4262 1364 4348 ipsis
1387 4261 1534 4327 vestibus

341 4363 485 4430 defuncti
517 4366 647 4448 tribuat,
680 4368 735 4452 qui
767 4364 860 4430 nobis
890 4376 1025 4431 mortem
1057 4387 1149 4431 suam
1180 4365 1355 4432 adnunciet
1388 4376 1534 4454 tempore

342 4479 507 4556 oportuno.
552 4471 596 4537 Et
624 4480 702 4537 tune
731 4472 818 4557 prior
847 4481 956 4537 noster
986 4473 1055 4536 sive
1084 4473 1191 4537 vicem
1221 4473 1270 4536 sui
1296 4492 1414 4557 gerens
1437 4493 1534 4537 mane

343 4574 519 4661 capitulum
550 4575 741 4642 convocabit
771 4584 803 4641 et
832 4575 925 4641 nobis
954 4575 1085 4661 indicet,
1120 4588 1156 4642 ut
1183 4578 1217 4641 in
1247 4598 1383 4663 vespere
1410 4575 1534 4641 sollem-

341 4680 447 4765 pniter
477 4679 695 4766 compulsatur
725 4692 757 4746 et
785 4682 888 4746 maior
918 4679 1028 4766 vigilia
1059 4681 1186 4747 dicaurr
1214 4703 1273 4768 pro
1303 4680 1417 4747 eodem
1445 4682 1534 4747 etin
