3400 5350
1292 435 1353 505 291

160 646 267 710 agros,
291 623 389 691 silvas
410 636 467 692 aut
490 636 592 712 prata,
616 629 642 691 si
658 649 739 714 quas
757 638 824 712 unt,
848 652 911 715 que
933 638 967 693 ut
983 639 1187 716 prenotatnm
1206 642 1256 697 est
1271 656 1353 698 com-

161 732 291 815 paravit
312 730 446 795 ecclesie
469 733 501 795 in
524 731 684 796 Pirchech
708 734 739 796 in
764 742 956 818 perpetuum
979 756 1178 801 remansura.
1216 736 1355 822 Insuper

161 836 195 898 in
217 834 389 900 mobilibus
413 835 477 901 duo
500 859 579 899 vasa
602 838 678 919 vini,
704 835 785 903 duas
805 860 922 902 vaccas
938 850 970 902 et
985 839 1066 903 duos
1081 839 1181 905 lectos
1197 851 1229 905 et
1244 864 1354 906 omnes

160 938 259 1003 libros
282 939 325 1003 ad
347 939 494 1005 divinum
517 940 659 1006 officinm
682 943 881 1025 pertinentes
910 964 950 1006 ac
977 942 1090 1008 decem
1113 943 1234 1009 talenta
1257 945 1353 1010 dena-

159 1043 283 1108 riorum
313 1043 560 1109 Wienneusium
595 1066 652 1130 pro
687 1046 781 1110 unius
815 1045 897 1111 libre
926 1045 1107 1113 redditibus
1138 1047 1354 1114 Chotwicensi

160 1149 335 1212 conventui
365 1169 423 1233 pro
454 1146 598 1212 remedio
628 1170 686 1213 sue
716 1151 822 1213 anime
850 1150 1013 1216 tenebitur
1035 1153 1211 1236 assignare.
1248 1153 1354 1218 Vinea

159 1259 269 1315 autem
300 1253 412 1315 suain
438 1251 774 1337 Gumpoltschirchen‚
804 1275 868 1340 que
891 1254 1072 1339 Laimgrib
1097 1255 1223 1340 dicitnr,
1255 1278 1352 1343 qnam

160 1353 202 1419 oh
214 1355 392 1420 remedium
406 1378 463 1421 sue
475 1359 581 1420 anime
597 1368 816 1442 comparatam
830 1362 1023 1424 monasterio
1035 1362 1067 1424 in
1081 1360 1352 1446 Campoliliornm,

159 1460 217 1524 uhi
248 1469 280 1524 et
309 1460 473 1545 sepulture
503 1460 609 1525 locum
640 1461 748 1546 elegit,
778 1463 842 1527 iam
874 1462 998 1528 dudum
1028 1464 1270 1530 contradiderat
1292 1489 1353 1533 usu

158 1564 337 1629 fructuario
370 1585 429 1648 pro
463 1566 529 1629 suis
563 1564 625 1629 sibi
658 1576 846 1631 remanente
881 1566 1006 1651 diebus,
1041 1567 1127 1633 dicto
1159 1572 1353 1634 monasterio

160 1667 284 1752 absque
306 1667 560 1734 contradictione
583 1668 728 1755 qnalibet
758 1671 791 1734 in
818 1681 915 1735 antea
937 1672 1127 1754 remanebit,
1158 1696 1222 1759 qne
1245 1677 1353 1740 omnia

159 1793 179 1835 a
208 1771 364 1856 predictis
394 1772 540 1858 partibus
570 1795 629 1858 per
659 1773 926 1839 ratihabitionem
961 1788 1035 1841 sunt
1065 1798 1173 1841 coram
1204 1778 1353 1842 omuibus

158 1876 365 1961 presentibus
395 1876 574 1962 approbata
604 1887 636 1942 et
666 1900 686 1941 a
716 1878 880 1964 sepedicto
911 1879 1040 1945 domino
1071 1880 1239 1946 Dietmaro
1268 1892 1353 1966 post·

158 1980 291 2045 modum
314 1980 452 2045 fideliter
474 1980 659 2066 adimpleta.
698 1982 744 2047 Ut
767 1994 877 2047 autem
900 1983 960 2048 hec
983 1987 1259 2071 suprascriptam
1283 2008 1352 2071 per·

158 2094 293 2170 potuum
316 2084 415 2150 robur
437 2088 623 2151 contineant
645 2085 830 2151 inviolabile
845 2088 1018 2171 firmitatis,
1040 2088 1125 2153 hanc
1140 2099 1264 2154 cartam
1280 2113 1351 2155 con·

158 2189 257 2254 scribi
286 2189 436 2256 volumus
466 2189 644 2275 sigillorum
674 2202 857 2257 nostrorum
888 2191 1083 2258 arbitrorum
1106 2193 1259 2258 videlicet
1283 2217 1352 2279 pre·

158 2293 318 2359 dictorum
341 2316 381 2358 ac
403 2294 523 2359 domini
548 2295 694 2360 Hainrici
716 2295 912 2361 venerabilis
933 2296 1044 2361 Sancti
1060 2297 1181 2382 Ypoliti
1197 2301 1351 2382 prepositi

157 2398 276 2483 prefati
299 2398 394 2484 sigilli
417 2401 593 2464 munimine
616 2398 801 2463 roboratam
825 2422 899 2466 cum
922 2400 1059 2466 testibus
1081 2402 1272 2484 subnotatis,
1295 2404 1351 2487 qni

157 2512 246 2567 sunt:
272 2502 420 2568 dominns
443 2502 658 2568 Marchardus
681 2502 783 2568 abbas
806 2502 1049 2586 Chotwicensis,
1074 2503 1223 2570 dominus
1246 2505 1352 2572 Chun-

156 2605 257 2671 radns
280 2606 537 2694 archidyaconus
561 2616 593 2672 et
617 2606 773 2693 plebanus
796 2609 827 2671 in
852 2606 967 2692 Tnlna,
991 2607 1140 2674 dominns
1156 2609 1351 2675 Ohnnradus

156 2710 314 2796 plebanus
338 2714 370 2776 in
393 2712 681 2796 Pehemchirchen,
705 2712 855 2778 dominus
870 2712 1009 2780 Iacobus
1032 2712 1189 2799 plebanus
1212 2716 1245 2778 in
1261 2715 1350 2779 Mau·

157 2826 241 2897 tarn,
264 2816 413 2881 dominus
430 2811 628 2882 Wichardus
644 2819 676 2881 in
692 2817 794 2902 Topel
817 2839 890 2881 cum
915 2817 1040 2883 duobus
1063 2817 1136 2883 filiis
1159 2820 1225 2883 suis
1241 2817 1351 2884 Vlrico

157 2929 191 2984 et
213 2919 390 2986 Wichardo
421 2920 576 2985 militibus
607 2931 639 2985 et
668 2919 738 2984 aliis
769 2920 916 3006 pluribus
946 2921 1011 2985 fide
1042 2921 1158 3005 dignis.
1197 2920 1283 2986 Acta
1318 2932 1351 2986 et

157 3027 278 3110 scripta
307 3035 382 3091 sunt
412 3025 473 3090 hec
495 3048 579 3091 anno
602 3026 723 3091 domini
746 3024 1011 3108 MOOOXV1111‚
1042 3028 1075 3089 in
1098 3025 1151 3090 die
1175 3026 1260 3090 beati
1283 3026 1351 3090 Viti

157 3131 309 3194 martiris.

261 3305 281 3354 1.
308 3303 335 3355 S.
356 3304 381 3355 d.
403 3305 484 3355 Abtee
511 3304 622 3355 Ottokar
649 3321 673 3355 v.
696 3303 842 3354 Lilienfeld
869 3303 1000 3369 spitaoral
1029 3303 1074 3369 (47
1093 3321 1099 3352 ι
1118 3302 1171 3372 30),
1199 3305 1351 3370 ungeslirbt,

156 3392 229 3441 llIA
240 3393 255 3441 2
265 3407 289 3441 a.
309 3392 444 3444 Umschr.:
464 3393 481 3457 †
496 3391 625 3443 SIGILL.
638 3377 757 3441 Assss'ls·
769 3391 896 3440 VALLIS
907 3407 912 3417 ¹
923 3391 948 3441 S.
961 3390 1073 3441 fflARlG
1083 3405 1089 3417 ·
1099 3391 1135 3442 ln
1148 3391 1350 3443 LlnlnveLD.

155 3479 224 3529 Abb.
239 3479 284 3528 bei
302 3477 459 3538 Hanthaler,
478 3479 540 3527 Rec.
554 3478 619 3543 dipl.
632 3477 653 3539 1,
672 3478 737 3528 Tab.
754 3480 783 3525 ll
804 3493 842 3526 nr.
857 3481 881 3526 5.
901 3504 931 3512 -
952 3477 987 3526 ll.
1006 3476 1032 3526 S.
1045 3476 1070 3524 d.
1084 3477 1208 3541 Propstes
1226 3477 1306 3542 Hngo
1324 3493 1349 3527 v.

155 3566 181 3615 S.
198 3565 290 3615 Andre
314 3565 477 3629 beschiidigt,
498 3565 637 3630 spitaovab
660 3563 812 3629 ungetiirbt,
835 3563 976 3612 lilaea.
1013 3562 1148 3612 Umschr.:
1175 3563 1204 3629 [†
1222 3563 1261 3628 S.]
1279 3549 1350 3616 Dffi.

156 3637 403 3703 ursonis-Pro
417 3689 503 3702 .....
518 3650 642 3701 sunem
656 3666 662 3679 ·
675 3651 822 3703 sennes.
859 3649 914 3699 ner
932 3649 1027 3713 Proper
1050 3651 1084 3700 nt
1106 3649 1217 3699 senens
1239 3664 1272 3699 en
1292 3651 1350 3702 nco

155 3739 323 3806 dargestellt
340 3740 369 3789 in
387 3739 436 3790 der
453 3739 562 3790 rechten
581 3738 661 3789 Haud
680 3738 727 3788 das
744 3736 892 3798 Pastorale,
914 3738 942 3785 in
960 3737 1007 3786 der
1024 3736 1117 3786 linken
1136 3737 1181 3787 ein
1200 3737 1274 3786 Buch
1293 3737 1350 3786 hal·

154 3827 227 3878 tend.
247 3853 280 3863 -
299 3826 347 3876 ΙΙΙ.
367 3826 392 3876 Β.
406 3826 431 3877 d.
444 3825 563 3876 Pfarrers
581 3826 712 3875 Prnnrich
730 3840 755 3873 v.
774 3823 985 3888 Ilerzogenbnrg
1010 3821 1165 3888 sechseckig
1183 3821 1249 3889 (18),
1268 3839 1349 3889 unge·

155 3914 235 3965 sairbt.
267 3896 887 3977 Umschr.:†S.1³Rernsslct·sndnouls.
923 3909 1071 3975 Siegelbild
1090 3909 1254 3960 undeutlich.
1281 3909 1349 3960 Ahb.

155 4002 200 4051 bei
219 3999 378 4061 Hanthaler‚
396 3999 459 4049 Rcc.
473 3999 503 4060 1.,
521 3998 617 4051 Tana
637 4015 674 4048 nr.
691 4001 730 4049 18.
757 4026 789 4035 -
813 3998 859 4049 IV.
879 3995 1182 4048 superenatent
1199 4013 1224 4046 r.
1239 3995 1350 4061 Capella

154 4086 288 4154 spitaoval
301 4086 346 4153 (39
356 4102 363 4135 τ
373 4087 427 4153 2⁶),
440 4086 590 4150 ungelllrht.
610 4085 745 4136 Umschr.:
758 4086 775 4148 †
787 4085 813 4134 S.
827 4084 979 4134 sussum
990 4099 995 4109 ·
1005 4082 1157 4134 Pnesssnl
1169 4083 1217 4132 De
1229 4082 1348 4132 CAPGL.

155 4177 208 4226 Die
225 4174 290 4224 heil.
304 4172 457 4223 Petronilla.
481 4200 513 4209 -
538 4174 569 4222 V.
588 4174 615 4222 S.
628 4173 652 4222 d.
665 4174 789 4237 Propstes
812 4171 943 4221 Heinrich
966 4187 991 4219 v.
1010 4170 1047 4220 St.
1064 4169 1159 4219 Pdlten
1182 4169 1348 4234 heschttdigt

155 4260 287 4327 spitaoval
306 4259 431 4325 (62:43),
449 4259 601 4324 ungefiirbt,
620 4259 647 4308 11
666 4260 695 4309 Β.
725 4258 862 4309 Umschr.:
881 4256 922 4323 [†]
939 4257 965 4307 S.
986 4255 1146 4308 HAlDRlCl
1165 4255 1350 4304 ΡΒΕΡΟΒΙΤΙ

155 4332 281 4400 ΘΟΟΙῙΘ
298 4333 352 4397 SUI
370 4345 546 4411 YPOLIT[l].
574 4347 629 4396 Der
647 4346 710 4395 heil.
724 4345 857 4411 Hippolyt
875 4346 909 4394 ist
926 4360 960 4393 en
979 4344 1037 4392 face
1055 4342 1167 4392 stehend
1185 4341 1349 4407 dargestellt,

155 4436 244 4486 neben
262 4433 318 4483 ihm
342 4432 419 4482 liniet
441 4448 489 4482 aur
510 4432 620 4483 rechten
643 4432 716 4482 Seite
737 4433 799 4482 eine
821 4430 937 4480 betesda
956 4427 1067 4481 Geatalt.
1103 4426 1258 4477 Beischrift:
1281 4425 1349 4477 SCS.

155 4511 308 4572 YPOLl'l'9.
