3400 5350
365 417 426 481 162

465 611 538 676 Orig.
550 610 605 676 (Δ),
623 611 700 676 Perg.
712 610 909 676 seuohtfleckig.
937 609 1026 677 Siegal
1038 625 1073 660 au
1091 612 1179 660 cinam
1192 609 1408 676 Perg.·Streifen;
1427 610 1510 676 Copia
1528 611 1556 660 in

361 698 425 748 cod.
439 698 460 747 C
472 698 489 748 f.
503 696 548 748 66'
566 698 619 764 (B).

465 819 569 880 Karlin,
588 822 638 870 325
658 837 698 870 ur.
711 821 752 871 bl.

464 994 532 1059 Nos
556 991 743 1057 Helnwicus
773 992 884 1058 divina
912 994 1116 1057 miseratione
1146 992 1248 1057 abbas
1279 992 1414 1058 ecclesie
1441 992 1556 1058 Chote-

361 1101 508 1163 wicensis
531 1101 613 1163 scire
635 1098 783 1163 volumus
812 1097 970 1184 quoslibet
996 1098 1199 1183 presencium
1231 1101 1437 1184 inspectores,
1468 1098 1555 1184 quod

361 1203 486 1268 dilectis
510 1202 634 1268 devotis
649 1204 764 1267 nostris
781 1200 1000 1267 cholomanno
1024 1213 1056 1267 et
1071 1202 1204 1266 Andrec
1226 1202 1379 1267 fratribus
1396 1202 1437 1266 de
1451 1203 1555 1284 Egen-

360 1306 466 1392 burga
487 1309 536 1371 ius
559 1306 695 1389 decime,
712 1306 797 1392 quod
813 1308 890 1391 ipsis
912 1309 944 1370 in
962 1308 1050 1370 curia
1065 1315 1174 1370 nostra
1190 1305 1230 1370 de
1246 1305 1461 1371 Phaffendorf
1472 1328 1556 1369 com-

360 1413 441 1497 petit
462 1419 494 1475 et
516 1411 558 1476 ab
581 1413 713 1496 antiquo
736 1410 950 1497 competebat,
973 1432 1031 1496 pro
1047 1432 1177 1475 suorum
1193 1413 1356 1495 exigentia
1371 1412 1555 1475 meritorum

360 1517 607 1600 recognovimus
645 1516 794 1600 ipsosque
830 1514 1098 1600 inpheodavimus
1129 1513 1170 1578 de
1201 1513 1324 1579 eodem.
1360 1515 1419 1579 Est
1447 1524 1556 1579 autem

361 1620 410 1683 ius
434 1618 506 1702 tale,
531 1618 617 1704 quod
640 1620 773 1683 terciam
796 1628 922 1704 partem
945 1618 1070 1683 decime
1093 1617 1134 1682 de
1158 1620 1247 1682 curia
1270 1618 1457 1704 supradicta
1473 1621 1557 1683 sicut

362 1725 461 1787 ceteri
484 1723 695 1788 decimatores
718 1725 818 1788 nostri
841 1745 920 1808 erga
941 1744 1009 1802 nos,
1033 1731 1127 1809 prout
1149 1744 1184 1786 se
1206 1721 1379 1787 habuerint
1401 1733 1556 1807 tempora,

362 1827 483 1891 debent
506 1827 687 1892 conducere
709 1829 876 1892 aunuatim
898 1826 987 1891 salvo
1009 1829 1079 1891 iure
1103 1824 1239 1890 duarum
1262 1826 1458 1912 reliquarum
1486 1849 1556 1911 par·

361 1934 451 2016 tium,
475 1954 538 2017 que
561 1931 736 1996 heredibus
752 1930 931 1997 Ohalhoohi
947 1931 988 1996 de
1004 1930 1196 1995 Echendorf
1208 1941 1239 1995 et
1255 1932 1432 1996 Hermanni
1447 1930 1557 1995 fratris

361 2039 410 2100 sui
432 2039 483 2120 pie
507 2035 745 2100 recordacionis
768 2046 955 2121 competunt
977 2037 1008 2101 in
1032 2034 1156 2100 cadem.
1191 2035 1315 2100 Verum
1338 2037 1412 2120 quia
1436 2034 1556 2100 dictam

361 2142 484 2204 curiam
506 2149 649 2205 nostram
671 2142 703 2205 in
726 2139 941 2204 Phaffendorf
958 2140 1074 2225 prefati
1097 2139 1301 2204 Chalhochus
1325 2148 1357 2204 et
1371 2140 1558 2205 Hermanus

362 2244 437 2308 olim
458 2244 657 2329 integraliter
685 2255 934 2329 occupaverant,
964 2266 1006 2309 ne
1034 2246 1175 2330 ipsorum
1204 2243 1343 2309 heredes
1372 2248 1557 2310 memoratis

360 2349 523 2430 fratribus,
546 2348 608 2412 hoc
631 2359 679 2412 est
702 2345 920 2413 Cholomanno
944 2357 976 2412 et
998 2347 1130 2412 Andree
1154 2370 1250 2434 super
1279 2348 1460 2413 huiusmodi
1488 2352 1558 2414 iure

360 2453 421 2516 sibi
443 2474 596 2517 concesso
617 2453 706 2517 litem
727 2454 935 2538 imposterum
956 2464 1107 2518 moveant
1122 2451 1303 2538 ahqualem,
1326 2452 1561 2518 relaxaverunt

360 2559 438 2641 ipsis
461 2555 636 2620 heredibus
664 2556 775 2621 debita
804 2556 989 2621 subnotata:
1020 2559 1122 2642 primo
1152 2556 1304 2621 undecim
1334 2557 1432 2622 libras
1465 2557 1561 2623 dena-

361 2662 480 2726 riorum
505 2669 537 2725 et
557 2670 623 2726 tres
646 2660 773 2744 solidos,
802 2684 882 2747 quos
909 2684 968 2746 per
997 2684 1117 2726 annum
1149 2684 1221 2726 cum
1251 2660 1371 2726 familia
1401 2660 1562 2728 heredum

363 2764 510 2830 fecerant
531 2766 564 2829 in
592 2767 759 2851 expensis3
787 2768 864 2830 item
887 2765 1116 2830 relaxaverunt
1138 2766 1201 2829 XL
1233 2775 1385 2831 metretas
1416 2765 1563 2852 siliginis,

359 2891 440 2954 quas
462 2891 520 2954 pro
540 2891 691 2954 agrorum
707 2870 882 2935 seminibus
898 2869 1138 2956 expenderunt3
1160 2872 1236 2934 item
1252 2892 1329 2954 sepe
1345 2869 1422 2934 dicti
1439 2870 1558 2935 fratres

360 2973 483 3037 fructus
508 2972 644 3038 duorum
666 2996 833 3058 annorum,
858 2996 938 3059 quos
960 2995 1018 3059 pro
1042 2984 1130 3037 certa
1145 2977 1283 3059 pecunia
1299 2995 1377 3058 erga
1393 2973 1562 3039 dominum

362 3076 514 3141 abbatem
543 3087 820 3162 comparaverant,
847 3080 934 3163 ipsos
957 3076 1094 3141 heredes
1123 3098 1233 3141 secum
1261 3077 1324 3141 frui
1353 3080 1476 3164 pariter
1505 3079 1561 3143 ad·

361 3182 525 3245 miserunt.
570 3182 617 3246 Ut
639 3190 745 3246 autem
768 3183 818 3245 ius
840 3181 1024 3245 huiusmodi
1046 3180 1146 3245 libere
1170 3192 1302 3246 teneant
1324 3190 1357 3246 et
1384 3182 1505 3247 nullam
1528 3186 1560 3248 in

360 3287 431 3370 ipso
468 3285 683 3371 calumpniam
720 3287 930 3370 imposterum
966 3287 1144 3371 paciantur,
1178 3285 1307 3350 Vlricus
1340 3289 1485 3351 notarius
1519 3287 1560 3351 de

361 3390 557 3474 Tyernstain
580 3399 612 3453 et
628 3388 822 3454 Ohunradus
845 3398 877 3453 et
893 3388 1021 3454 Vlricus
1042 3389 1118 3454 dicti
1134 3388 1245 3471 Dirst
1262 3400 1382 3454 tutores
1399 3389 1560 3456 dictorum

361 3492 564 3578 pupillorum,
588 3493 631 3557 ad
653 3495 760 3558 omnia
783 3502 816 3557 et
837 3494 963 3578 singula
986 3493 1128 3580 dampna
1150 3493 1356 3558 resarcienda
1372 3516 1407 3558 se
1424 3495 1558 3579 prefatis

361 3596 514 3661 fratribus
537 3597 735 3681 integraliter
762 3597 953 3682 obligarunt.
999 3598 1038 3663 In
1068 3600 1159 3662 cuius
1192 3600 1240 3661 rei
1268 3600 1457 3663 memoriam
1490 3622 1559 3684 pre

361 3710 467 3764 sentes
490 3701 610 3766 litteras
633 3701 725 3787 sigilli
749 3704 847 3766 nostri
870 3700 1134 3786 impressionibus
1157 3704 1399 3767 communimus.
1445 3703 1558 3768 Testes

362 3813 450 3869 sunt:
475 3804 668 3870 Ohtnradus
691 3805 731 3870 de
754 3806 944 3892 Hvrupach,
968 3804 1153 3870 Rinhardus
1177 3805 1219 3869 dc
1245 3806 1386 3891 Prvnue,
1413 3806 1557 3872 Ortlinus

361 3907 558 3993 forestarius,
589 3909 802 3975 Chimadus·
833 3911 937 3975 dictus
965 3909 1153 3993 Gasthuser,
1182 3908 1344 3973 Arnoldus
1379 3911 1420 3974 de
1448 3912 1556 3996 vae·

361 4012 457 4098 linge,
474 4013 624 4079 Pitrolfus
640 4013 680 4078 de
696 4015 877 4099 Wisendof,
894 4013 1044 4079 Pitrolfus
1060 4012 1102 4078 de
1118 4014 1367 4097 Hetzmanstorf‚
1384 4014 1555 4080 Bertoldus

363 4116 404 4181 de
428 4117 663 4202 Wroweudorf,
694 4118 873 4183 Ridwiuus
900 4118 1045 4183 officialis
1075 4118 1117 4183 de
1144 4118 1395 4201 Munichhoven,
1419 4119 1495 4184 Otto
1524 4130 1557 4183 et

363 4221 535 4286 Hainricus
564 4222 680 4286 fratres
708 4221 749 4286 de
779 4222 1003 4308 Ehersprvun,
1036 4223 1210 4287 Heinricus
1238 4221 1364 4286 villicus
1392 4222 1434 4288 de
1465 4222 1557 4287 Vele-

362 4325 489 4389 brunnc
513 4335 543 4389 et
565 4325 618 4390 alii
641 4347 738 4412 quam
761 4326 879 4411 plures.
917 4327 1038 4391 Datum
1061 4329 1094 4390 in
1118 4325 1302 4391 Chotewico
1324 4349 1410 4391 anuo
1438 4327 1557 4392 domini

364 4427 553 4494 MCCLXX
582 4431 727 4515 septimo,
755 4429 859 4515 pridie
888 4429 974 4516 ydus
1005 4429 1196 4513 decembris,
1226 4429 1407 4495 indiccione
1438 4434 1558 4519 quinta.

362 4688 428 4743 loo.
445 4752 453 4765 .
470 4702 483 4725 ⁸
501 4691 662 4742 Theilueise
680 4691 828 4743 rerwischt
