3400 5350
318 372 384 438 230

319 574 424 631 terum
455 586 528 628 oum
558 565 660 628 virtus
690 571 800 627 vestra
829 561 871 627 ad
895 583 1006 626 omnes
1028 558 1223 645 generaliter
1245 579 1280 623 se
1304 556 1460 623 extendat
1483 567 1517 622 et

321 672 412 756 quasi
442 669 513 733 fons
535 668 725 733 indeficiens
748 666 862 731 influat
884 676 916 731 et
938 665 1085 730 effundat
1108 664 1148 729 de
1172 686 1206 728 se
1229 661 1433 749 sperantibus
1457 662 1515 726 flu·

319 777 407 839 mina
428 775 616 858 gratiarum,
646 772 707 837 illis
729 781 838 836 tamen
861 770 985 834 fluitet
1008 769 1087 854 pluit
1110 768 1208 854 digne
1232 766 1366 850 dulcius,
1399 768 1454 853 qni
1477 787 1513 830 se

320 887 447 943 vestrae
478 878 662 963 paternitati
691 876 805 940 fideles
836 873 993 939 exhibent
1019 882 1051 938 et
1073 871 1217 937 devotos.
1263 869 1361 937 Unde
1384 892 1458 935 oum
1481 873 1515 934 in

319 982 445 1047 illorum
465 1003 599 1046 numero
623 991 655 1046 et
677 980 782 1046 studio
806 979 1012 1044 charissimus
1035 978 1184 1043 dominus
1206 998 1298 1041 meus
1320 973 1515 1040 venerabilis

320 1085 424 1151 abbas
440 1085 692 1151 Chotwioensis¹
714 1106 774 1170 per
796 1086 902 1148 omnia
924 1105 960 1147 se
982 1091 1126 1168 reponat,
1148 1103 1227 1166 rogo
1242 1079 1413 1163 humiliter,
1436 1100 1514 1164 qua-

321 1201 414 1255 tenus
431 1192 553 1255 eumin
577 1211 634 1253 suo
657 1187 817 1254 desiderio
839 1197 948 1252 vestra
971 1187 1152 1270 benignitas
1175 1184 1288 1250 audire
1311 1183 1452 1270 benigne
1475 1205 1516 1246 ae

321 1293 493 1379 benignius
517 1293 673 1357 exaudire
695 1292 854 1377 dignetur,
877 1314 919 1356 ne
933 1289 1055 1355 laicalis
1072 1288 1239 1372 calliditas,
1264 1291 1396 1374 quinon
1412 1286 1517 1351 solnm

322 1421 382 1485 per
411 1407 540 1483 apertas
570 1396 738 1462 violentias
767 1398 864 1460 immo
895 1398 992 1459 etiam
1023 1417 1082 1480 per
1115 1393 1360 1459 adinventiones
1393 1400 1516 1456 astutas

322 1503 466 1588 personis
500 1501 726 1565 ecelesiasticis
759 1498 984 1583 adversantur,
1023 1500 1138 1562 iniuste
1172 1507 1285 1561 eontra
1318 1517 1392 1560 eum
1425 1516 1517 1580 prae-

322 1605 452 1671 valeant
481 1628 530 1689 ea,
561 1627 644 1690 quae
675 1607 724 1669 sui
750 1605 828 1668 iuris
857 1627 920 1668 non
944 1605 1097 1686 existunt,
1121 1603 1237 1666 iniuste
1261 1602 1325 1665 suis
1348 1599 1517 1665 voluntati-

322 1710 384 1776 bus
406 1732 464 1775 seu
486 1712 591 1797 potins
613 1707 831 1795 voluptatibus
854 1706 1060 1773 attrahentes.

428 1866 668 1932 Uobersohrift:
703 1865 865 1949 ‚Eundem
893 1874 994 1949 rogat,
1022 1887 1064 1928 ne
1087 1864 1242 1928 laieorum
1265 1862 1438 1927 ealliditate
1463 1883 1517 1947 op·

323 1974 416 2058 primi
438 1973 602 2057 permittat
623 1969 776 2035 abbatem
799 1970 1058 2035 Gotwieensem‘.

368 2266 445 2333 216.
1139 2265 1212 2346 [Ver
1229 2268 1389 2326 13000011
1406 2261 1474 2344 25]

326 2458 395 2524 Der
418 2456 726 2524 Nieder-Altoieher
748 2457 867 2522 Mo'ueh
881 2456 1049 2541 Wolfpunp
1068 2457 1191 2522 &sucht
1210 2456 1349 2538 Biaebof
1361 2455 1520 2522 Heinrich

324 2563 420 2627 Heus
441 2583 502 2627 oon
520 2561 661 2641 Laudat,
684 2562 745 2626 deu
765 2561 830 2626 Abt
850 2561 1008 2626 Heiurteb
1022 2561 1083 2625 IV.
1100 2582 1160 2627 oon
1183 2561 1336 2643 Gottweip
1358 2562 1393 2625 in
1415 2561 1521 2626 saner

323 2666 565 2751 Anpeteqeatett
582 2689 623 2733 au
637 2671 853 2733 uuterstiitaeu
867 2666 936 2731 aud
951 2667 1000 2731 bei
1014 2668 1100 2731 einer
1114 2665 1292 2748 ullfdllipeu
1307 2663 1517 2747 Appellatiou

415 2793 459 2836 aa
481 2772 532 2837 die
551 2772 716 2838 Romnae
739 2770 835 2838 Curia
856 2772 964 2837 suiuus
986 2771 1159 2835 Freundou
1181 2792 1222 2834 au
1244 2769 1426 2852 empfeblea.

429 2966 490 3025 Psa,
509 2965 587 3015 Thes.
600 2964 722 3014 anecdot.
741 2964 827 3028 VIIII,
846 2966 897 3014 180
916 2980 954 3013 nr.
969 2966 1010 3013 30.

429 3087 490 3153 Vgl.
509 3102 548 3137 nr.
567 3088 626 3137 215.

430 3258 579 3324 Gratiosa
606 3267 639 3322 et
664 3258 816 3322 continua
838 3256 1046 3342 familiaritas,
1070 3260 1104 3322 in
1127 3280 1192 3343 qua
1215 3278 1379 3343 nunquam
1402 3279 1519 3344 passus

327 3385 398 3427 sum
419 3385 439 3426 a
461 3371 570 3426 vestra
593 3360 791 3447 benignitate
814 3362 987 3446 repulsam,
1017 3384 1057 3426 ao
1083 3361 1238 3447 frequens
1261 3361 1426 3427 exauditio
1448 3384 1520 3447 pre-

327 3488 401 3531 cum
429 3468 579 3545 omnium,
612 3488 692 3551 quas
723 3465 814 3530 vobis
845 3465 970 3530 duxero
1000 3465 1221 3552 porrigendas,
1249 3465 1293 3530 ad
1315 3466 1377 3531 hoe
1399 3488 1451 3530 me
1474 3469 1520 3531 in·

327 3571 425 3654 duoit,
450 3580 485 3636 ut
506 3570 677 3635 ambulans
699 3572 867 3655 perviam
890 3570 1014 3635 solitam
1036 3573 1151 3635 iterum
1174 3572 1359 3657 petitionem
1382 3573 1518 3637 rationa-

326 3676 424 3741 bilem
466 3684 499 3740 et
536 3674 742 3740 exauditione
780 3674 1000 3759 dignissimam
1036 3685 1164 3740 vestrae
1202 3677 1337 3741 offeram
1373 3675 1518 3742 bonitati.

328 3780 438 3861 Quare
469 3802 543 3844 eum
572 3779 767 3844 venerabilis
798 3778 946 3843 dominus
977 3778 1080 3844 abbas
1104 3779 1312 3845 Ootwicensis
1340 3780 1520 3845 charissimi

327 3884 447 3949 domini
480 3885 544 3947 mei
577 3884 812 3970 archiepiscopi
847 3893 881 3949 et
912 3886 1012 3949 vestri
1045 3887 1187 3950 omnium
1222 3884 1357 3950 devotus
1392 3887 1520 3967 existat,

326 4011 404 4074 rogo
427 3987 597 4071 humiliter,
621 3996 779 4073 quatenus
802 4011 877 4053 eum
899 3991 932 4053 in
952 3991 1018 4054 suis
1033 3988 1202 4053 desideriis
1218 3989 1395 4053 efficaciter
1410 3988 1520 4075 digno-

327 4211 391 4266 tlt.
431 4214 509 4265 ¹Am
528 4215 621 4266 Raude
640 4216 675 4266 ist
693 4231 745 4265 von
764 4216 817 4266 Pes
835 4215 983 4266 vermerkt:
996 4216 1068 4280 sorta
1084 4216 1259 4268 Hermonmu.
1286 4216 1521 4268 DieseAnnabma

327 4303 362 4352 ist
379 4303 444 4352 aber
462 4303 605 4368 unriobtig,
629 4302 663 4352 da
681 4302 729 4353 der
746 4302 823 4353 Briof
838 4317 873 4353 au
892 4303 943 4353 den
962 4303 1122 4355 Erubisebof
1137 4304 1246 4355 Kourad
1262 4305 1309 4354 IV.
1327 4320 1381 4355 von
1394 4304 1524 4355 Vonstort

327 4405 361 4438 au
383 4389 515 4455 Salaburg
536 4390 668 4455 geriehtot
690 4391 733 4451 ist,
756 4389 872 4440 welcher
895 4395 948 4440 arat
976 4393 1041 4441 1291
1066 4392 1169 4444 Jannor
1187 4392 1219 4440 16
1241 4407 1295 4442 von
1317 4392 1424 4443 Levant
1451 4392 1521 4442 nach

327 4475 458 4542 Salzburg
479 4476 647 4527 transferiert
670 4476 760 4528 warde
784 4476 892 4543 (Eubel.
914 4478 1052 4530 Hiararob.
1072 4475 1143 4544 310),
1166 4477 1293 4528 wtbrend
1310 4478 1364 4528 Abt
1382 4479 1522 4529 Hermann

328 4578 381 4613 von
400 4563 532 4631 Gottweig
549 4564 649 4615 bereits
669 4566 736 4615 1286
754 4566 920 4629 resignierte.
953 4565 991 4616 Es
1008 4567 1043 4615 ist
1060 4564 1191 4615 vielmehr
1208 4580 1243 4615 an
1260 4565 1313 4615 Abt
1331 4565 1462 4616 Heinrich
1474 4566 1521 4617 lv.

329 4665 362 4699 zu
380 4648 494 4700 denken.
