3400 5350
1300 439 1364 504 239

168 638 278 694 rector
307 637 395 694 tenet
425 627 466 693 de
496 631 649 714 porcione
671 628 871 694 deeimarum
893 630 1050 694 inferioris
1073 629 1210 696 ecclesie
1231 632 1366 718 singulis

169 733 336 798 dominicis
367 741 400 798 et
428 733 552 797 festivis
579 732 694 799 diebus
722 757 781 819 per
804 732 1031 820 cappellanum
1053 734 1152 799 cultui
1175 733 1284 801 divino
1307 738 1365 801 sci·

166 838 243 903 licet
268 839 366 902 misse
395 847 427 901 et
450 836 670 903 exhortacioni
693 837 824 903 aeoliis
847 840 1032 904 ministeriis
1055 839 1257 924 satisfacere3
1288 842 1365 906 item

167 946 200 1007 in
232 944 356 1028 campis
385 940 569 1006 forensibus
599 951 631 1006 et
660 944 691 1006 in
723 942 804 1008 dotis
832 941 969 1007 ecclesie
993 964 1068 1009 eum
1089 952 1181 1028 prato
1203 943 1364 1009 adiacenti

169 1057 201 1112 et
230 1048 299 1111 eius
328 1045 487 1111 fructibus
515 1045 619 1112 totalis
649 1046 776 1112 decima
798 1057 958 1113 rectorem
980 1070 1038 1113 seu
1061 1049 1130 1112 eius
1152 1050 1309 1114 vicarium
1331 1050 1364 1114 in

167 1150 337 1218 Ohueleub
367 1149 462 1236 plene
492 1153 633 1237 respicit,
667 1150 754 1217 unde
785 1161 818 1217 et
845 1162 975 1217 tenetur
1003 1151 1188 1238 lampadem
1222 1155 1364 1239 eorporis

168 1256 286 1322 Christi
315 1258 349 1320 in
377 1254 514 1320 ecclesia
537 1266 721 1321 sanctorum
744 1256 895 1344 Symonis
919 1266 951 1322 et
972 1255 1054 1322 Iude
1076 1266 1231 1343 perpetuo
1253 1258 1364 1323 illumi·

168 1382 249 1424 nare
279 1370 312 1425 et
341 1359 473 1446 singulis
504 1359 619 1425 diebus
643 1361 781 1426 Veneris
811 1364 844 1426 in
875 1360 1013 1426 ecclesia
1042 1363 1146 1426 sancti
1169 1361 1257 1427 Viti⁶
1284 1362 1365 1428 hora

166 1465 343 1529 tertiarum
365 1467 495 1529 misem
519 1463 686 1529 celebrare
710 1467 825 1530 ceteris
847 1475 958 1530 tamen
973 1465 1094 1530 iuribus
1110 1466 1363 1553 parrochialibus

166 1591 208 1633 ac
235 1568 367 1634 decimis
390 1571 519 1634 minutis
542 1579 684 1636 aratrum
708 1592 772 1634 non
795 1572 1021 1655 respicientem
1043 1593 1102 1657 pro
1125 1571 1292 1658 sepedicta
1314 1594 1363 1637 ec·

167 1673 267 1738 clesia
289 1695 418 1759 semper
439 1673 536 1739 salvis
559 1674 621 1739 hec
643 1672 685 1739 de
708 1697 807 1739 manu
821 1677 953 1761 propria
968 1674 1147 1741 seeundum
1164 1675 1269 1741 stilum
1286 1678 1364 1740 anti·

167 1799 231 1862 que
251 1775 455 1842 fundacionis
471 1788 504 1843 et
517 1778 697 1843 laudabiles
713 1778 963 1844 consuetudines
979 1778 1247 1864 predecessorum
1262 1790 1362 1846 recto·

165 1904 239 1946 rum
262 1880 398 1947 ecclesie
421 1885 452 1946 ln
475 1881 644 1948 (lhueleub
667 1882 835 1970 hueusque
859 1893 1015 1949 servatas.

212 2142 293 2209 224.
1151 2148 1191 2230 [ο.
1211 2149 1319 2230 raon]

271 2335 353 2400 Item
379 2334 578 2421 temporibus
605 2336 742 2422 predicti
769 2337 896 2402 abbatis
924 2338 1083 2421 [Heinrici
1097 2338 1171 2423 IV.]
1193 2338 1254 2404 hec
1277 2339 1364 2405 hona

167 2438 210 2503 de
233 2441 301 2504 iure
325 2439 410 2504 civili
433 2450 508 2504 sunt
530 2439 666 2505 ecclesie
691 2440 929 2526 [Gottwicensi]
953 2441 1118 2508 devoluta:

271 2542 497 2608 Altenwerd:¹
527 2544 678 2610 Iohannis
706 2544 845 2631 baptiste
868 2566 914 2630 111}
932 2546 1053 2611 talenta
1072 2546 1238 2613 vdenarii.
1280 2549 1363 2614 Item

167 2647 315 2713 domiuus
345 2647 518 2714 Heinricns
549 2649 696 2715 Babarus
727 2648 768 2715 de
798 2649 991 2716 Muniohwis
1021 2652 1091 2716 iure
1126 2651 1211 2718 civili
1241 2652 1362 2718 Micha-

166 2752 282 2837 helisj
304 2753 470 2839 talentum,
498 2754 597 2820 ablait
615 2774 631 2839 j
652 2755 817 2840 talentum,
841 2755 940 2821 anlait
962 2778 978 2841 p
999 2757 1165 2841 talentum,
1188 2759 1263 2822 item
1289 2783 1362 2824 cxxx

167 2879 289 2923 caseos.
587 2872 599 2893 ·

270 2999 400 3049 Vermerk
423 3000 460 3049 im
479 2999 886 3066 Urbared.Abtesh1nrquard
909 2998 1011 3066 (Urbar
1028 2998 1071 3066 B),
1095 3001 1185 3052 &10³
1210 2999 1310 3070 (Signa
1329 3002 1360 3066 Δ,

166 3086 267 3150 XVIII,
286 3085 321 3152 s).

268 3208 321 3259 Dia
339 3207 559 3274 chronologische
578 3208 747 3277 Eiureihung
765 3209 863 3261 bernht
880 3209 929 3259 auf
945 3209 1046 3261 blosser
1063 3208 1214 3276 conjectus.

211 3489 291 3557 225.
863 3496 944 3553 1301
962 3497 1137 3569 September
1154 3496 1203 3563 14,
1221 3498 1317 3557 Wlon.

165 3679 301 3746 Obodolt
329 3699 389 3744 oon
418 3678 554 3745 Halae
584 3680 759 3745 erraterrat
788 3681 839 3745 die
867 3681 1158 3763 Reebtsaasprriehe
1185 3683 1238 3747 des
1264 3683 1362 3749 Actes

165 3783 321 3848 Heinrich
335 3783 377 3868 [1
380 3783 435 3869 VJ
456 3804 517 3848 voa
533 3783 688 3867 Chotweip
710 3785 776 3866 auf
792 3787 884 3850 acen
899 3785 1027 3866 Zebent,
1051 3785 1185 3851 weleben
1207 3786 1266 3851 dus
1281 3787 1362 3869 Stia

164 3908 225 3952 oon
251 3890 368 3953 seluern
394 3887 481 3968 Hofe
507 3909 548 3953 aa
574 3888 774 3954 Eiseabucb¹
801 3910 843 3954 aa
865 3890 1054 3973 empfuaqea
1076 3890 1142 3970 hut,
1170 3891 1239 3956 und
1260 3890 1362 3956 erhilt

166 4039 374 4046 —-.—--—.——

165 4111 233 4168 223.
272 4112 383 4165 ¹⁵DIose
401 4114 501 4166 Kirohe
524 4115 636 4166 bestand
658 4117 707 4167 mit
724 4116 827 4166 Thurin
850 4114 906 4166 und
924 4118 991 4168 zuei
1009 4117 1130 4168 Glocken
1149 4118 1219 4168 beim
1238 4116 1361 4168 Sohlosse

166 4202 324 4254 Grilnbtlhel
353 4203 395 4253 bei
418 4201 483 4253 Kilb
510 4217 558 4253 zur
584 4202 695 4254 rechten
716 4203 790 4255 Seite
816 4203 967 4266 desselben,
978 4221 1035 4283 ‚wo
1059 4204 1127 4269 Jetzt
1152 4204 1200 4254 der
1222 4203 1361 4270 englische

166 4291 266 4342 Garten
293 4289 350 4339 sich
377 4288 518 4350 cusdehnt,
544 4289 600 4339 und
622 4289 714 4342 wurde
738 4291 801 4341 1801
828 4291 1015 4357 abgebrochen
1037 4290 1303 4357 (Psarrgedenkbuch
1326 4306 1361 4341 su

165 4376 238 4440 Kilb,
256 4376 282 4427 S.
298 4374 350 4441 14).

165 4460 233 4516 224.
272 4462 282 4494 ¹
300 4463 465 4515 Altenwtrth
484 4479 518 4515 an
537 4463 584 4515 der
601 4465 708 4527 Donau,
725 4465 830 4516 sildIIch
849 4481 903 4516 von
921 4465 1071 4531 Kirchberg
1088 4480 1112 4516 a.
1126 4465 1261 4532 Wagram.

165 4547 233 4604 225.
272 4550 281 4581 ¹
299 4551 451 4602 Eisenbccb
469 4553 521 4602 seit
538 4550 599 4602 darn
619 4552 659 4603 15.
671 4552 767 4603 Jahrh.
785 4553 857 4603 wohl
875 4553 977 4619 infolge
995 4552 1189 4618 kriegerisoher
1206 4552 1361 4619 Ereignisse

165 4638 360 4703 eingegcngen,
382 4638 448 4688 wird
469 4643 534 4689 emta
556 4638 597 4689 als
620 4639 664 4689 bei
682 4639 824 4690 Arbesthcl
847 4640 961 4706 gelegcn
987 4639 1108 4690 eruthnt
1130 4637 1293 4704 (Notizenbl.
1312 4640 1359 4702 IV,

168 4725 215 4774 187
233 4741 259 4775 u.
276 4725 326 4787 IX,
345 4724 415 4791 172).
451 4727 507 4776 Der
532 4727 599 4777 13⁸8
621 4726 759 4777 erwihnte
777 4726 929 4778 Eisenbach
952 4724 1108 4794 (Wissgrill,
1130 4726 1293 4794 Sohauplats
1310 4728 1359 4790 IV,
