3400 5350
1297 397 1360 463 793

272 594 523 681 3Bouifatinsg
552 596 733 680 episcopus,
764 615 878 658 servus
908 614 1075 658 servorum
1105 590 1168 675 dei,
1202 592 1359 657 universis

170 697 288 765 Christi
319 698 467 764 fidelibus
497 709 664 787 presentes
693 698 815 764 litteras
845 699 1036 783 inspecturis
1066 696 1202 761 salutem
1233 707 1264 760 et
1286 718 1359 782 apo·

169 803 313 869 stolicam
342 803 609 869 benedictionem.
656 803 751 867 Licet
779 804 817 886 is,
848 801 891 867 de
921 803 1012 867 cuius
1042 822 1175 866 munere
1203 803 1302 883 venit,
1325 811 1361 866 ut

169 906 229 972 sibi
259 930 279 973 a
309 909 374 972 suis
404 905 553 973 fidelibus
581 906 678 992 digne
701 915 734 971 et
755 900 960 970 laudabiliter
981 906 1150 987 serviatur,
1175 902 1216 968 de
1238 902 1359 967 habun-

170 1011 279 1076 dantia
305 1034 363 1077 sue
385 1015 522 1098 pietatis,
545 1033 609 1098 qne
632 1012 746 1075 merita
768 1002 954 1097 supplicum
973 1008 1103 1073 excedit
1125 1019 1157 1073 et
1178 1018 1254 1073 vota
1275 1007 1360 1073 bene

170 1117 383 1182 servientibus
413 1114 473 1181 sibi
503 1115 602 1181 multo
632 1117 753 1181 maiora
775 1114 942 1198 retribuat,
966 1136 1064 1200 quam
1085 1114 1216 1178 valeant
1237 1135 1359 1200 prome-

169 1227 243 1309 reri,
275 1222 498 1288 nichilominus
520 1231 629 1288 tanmn
651 1220 873 1285 desiderantes
896 1218 1024 1285 domino
1047 1217 1185 1283 reddere
1207 1217 1361 1305 populum

171 1326 403 1415 acceptabilem
433 1337 465 1392 et
494 1326 651 1391 bonorum
681 1348 815 1412 operum
845 1334 1045 1407 sectatorem,
1073 1322 1186 1389 fideles
1208 1326 1295 1411 ipsos
1317 1322 1360 1388 ad

171 1431 437 1520 complacendum
460 1434 506 1497 eis
530 1434 620 1518 quasi
644 1430 838 1519 quibusdam
861 1430 1016 1495 allectivis
1038 1429 1236 1512 muneribus,
1258 1427 1361 1493 indul·

168 1541 284 1623 gentiis
306 1537 458 1603 videlicet
479 1546 512 1602 et
533 1536 772 1602 remissionibus
794 1537 976 1619 invitamus,
999 1543 1035 1599 ut
1049 1532 1167 1600 exinde
1183 1532 1362 1599 reddantur

170 1644 279 1709 divine
309 1646 411 1729 gratie
441 1644 589 1729 aptiores.
636 1641 810 1728 Cupientes
832 1643 938 1727 igitur,
961 1649 998 1705 ut
1020 1640 1156 1705 ecclesia
1177 1638 1362 1704 monasterii

170 1760 281 1814 sancte
311 1749 414 1813 Maris
445 1750 478 1812 in
507 1747 656 1813 Gobico·
686 1746 807 1811 ordinis
837 1748 941 1811 sancti
969 1744 1139 1810 Benedicti
1160 1744 1360 1809 Pataviensis

171 1853 307 1919 diocesis
338 1854 488 1939 congruis
518 1848 692 1918 bonoribus
722 1852 945 1938 frequentetur
974 1860 1006 1915 et
1032 1852 1128 1915 cham
1151 1858 1362 1913 conservetur

171 1969 203 2025 et
230 1968 267 2025 ut
289 1957 406 2025 Christi
437 1956 549 2022 fideles
577 1980 614 2022 eo
636 1957 788 2022 libentius
811 1978 909 2021 causa
932 1954 1110 2021 devotionis
1134 1948 1297 2018 confluant
1318 1953 1361 2018 ad

172 2062 309 2128 eandem
340 2077 372 2127 et
401 2061 444 2127 ad
468 2064 743 2127 conservationem
767 2060 949 2127 huiusmodi
971 2083 1085 2125 manus
1107 2061 1286 2145 promptius
1308 2080 1361 2145 po·

171 2169 277 2255 rigant
306 2166 489 2252 adiutrices,
521 2188 584 2252 quo
608 2189 650 2231 ex
673 2165 735 2231 hoc
757 2166 880 2230 ibidem
903 2165 986 2230 dono
1011 2165 1137 2230 celestis
1159 2165 1262 2250 gratie
1284 2163 1361 2228 ube·

170 2275 236 2336 rius
267 2274 494 2357 conspexerint
521 2293 556 2336 se
578 2272 727 2354 refectos,
755 2270 797 2334 de
819 2272 1044 2357 omnipotentis
1067 2268 1121 2335 dei
1142 2268 1361 2334 misericordia

171 2386 204 2442 et
233 2375 401 2441 beatorum
423 2375 511 2440 Petri
538 2385 570 2441 et
591 2375 684 2440 Pauli
706 2374 923 2461 apostolorum
946 2376 1015 2438 eius
1037 2375 1228 2438 auctoritate
1251 2372 1363 2437 confisi

172 2480 320 2546 omnibus
349 2502 427 2545 vere
457 2480 673 2566 penitentibus
700 2490 734 2545 et
762 2480 927 2564 confessis,
960 2480 1015 2566 qui
1041 2480 1074 2543 in
1097 2479 1281 2560 nativitatis,
1305 2479 1362 2542 cir·

172 2588 374 2650 cumcisionis
397 2585 566 2671 epiphanie
596 2585 838 2650 resurrectionis
869 2584 1065 2649 ascensionis
1087 2593 1120 2647 ot
1142 2584 1284 2668 corporis
1310 2579 1362 2645 do·

171 2693 248 2756 mini
277 2692 375 2757 nostri
396 2691 473 2755 Iesu
495 2689 624 2773 Christi,
655 2699 859 2776 pentecostes
888 2710 1013 2754 necnon
1044 2690 1077 2753 in
1107 2688 1282 2752 nativitatis
1309 2710 1362 2751 an·

171 2797 389 2862 nunciacionis
420 2796 651 2882 purificationis
679 2805 712 2859 et
732 2796 958 2881 assumptionis
981 2793 1076 2858 beate
1099 2792 1203 2858 Maria
1229 2792 1362 2876 virginis

171 2924 210 2966 ae
232 2903 406 2967 nativitatis
429 2899 516 2966 beati
537 2900 689 2965 Iohannis
712 2899 850 2986 baptiste
874 2909 906 2964 et
929 2898 1088 2964 dictorum
1107 2898 1195 2963 Petri
1219 2907 1251 2962 et
1269 2895 1362 2962 Pauli

171 3028 210 3070 ac
243 3005 388 3071 eiusdem
423 3004 560 3071 ecclesie
594 3003 811 3070 dedicacionis
843 3002 1072 3069 festivitatibus
1107 3013 1139 3068 et
1176 3000 1362 3067 celebritate

172 3113 313 3175 omnium
342 3118 527 3176 sanctorum
556 3129 683 3174 necnon
715 3131 775 3196 per
807 3110 950 3195 ipsarum
983 3109 1158 3173 nativitatis
1192 3106 1362 3194 epiphanie

171 3216 413 3280 resurrectionis
441 3216 638 3280 ascensionis
668 3224 702 3279 et
730 3216 874 3300 corporis
904 3212 1025 3278 domini
1054 3235 1094 3277 ao
1121 3214 1296 3278 nativitatis
1330 3222 1363 3278 et

170 3321 397 3408 assumptionis
427 3319 523 3385 beate
546 3320 648 3385 Maria
679 3340 806 3384 necnon
835 3320 1009 3384 nativitatis
1039 3316 1126 3383 beati
1148 3317 1301 3382 Iohannis
1330 3326 1363 3385 et

171 3424 387 3511 apostolorum
409 3424 497 3490 Petri
526 3433 559 3489 et
580 3423 672 3489 Pauli
701 3422 920 3510 predictorum
945 3423 1155 3489 festivitatum
1177 3431 1308 3487 octavas
1331 3431 1363 3488 et

171 3552 230 3616 per
262 3552 322 3596 sex
355 3529 425 3594 dies
459 3528 578 3595 dictam
611 3529 818 3594 festivitatem
855 3537 1057 3614 pentecostes
1093 3525 1278 3592 immediate
1315 3548 1361 3591 se·

171 3645 306 3721 quentes
336 3633 474 3699 eandem
504 3633 675 3700 ecclesiam
705 3631 822 3698 devote
851 3635 1053 3699 visitaverint
1078 3635 1242 3698 annuatim
1266 3630 1361 3696 etad

171 3739 352 3805 huiusmodi
376 3741 651 3805 conservationem
672 3760 788 3804 manus
807 3739 1012 3823 porrexerint
1025 3737 1209 3819 adiutrices,
1230 3734 1361 3821 singulis

171 3844 323 3910 videlicet
351 3845 560 3910 festivitatum
591 3853 623 3909 et
653 3843 848 3909 celebritatis
878 3843 1020 3928 quinque
1047 3862 1149 3907 annos
1176 3850 1208 3906 et
1230 3840 1362 3906 totidem

173 3949 408 4036 quadragenas,
432 3960 620 4016 octavarum
642 3971 719 4015 vero
738 3961 772 4015 et
786 3973 845 4014 sex
862 3948 986 4014 dierum
1002 3948 1220 4034 predictorum
1236 3945 1361 4029 diebus,

171 4056 289 4142 quibus
310 4053 491 4141 predictam
513 4054 684 4121 ecelesiam
707 4056 909 4120 visitaverint
928 4065 962 4119 et
975 4074 1089 4118 manus
1104 4050 1278 4117 adiutrices
1293 4072 1362 4136 por·

171 4163 325 4243 rexerint,
356 4170 392 4225 ut
421 4161 592 4247 prefertur,
624 4171 753 4225 centum
783 4158 854 4224 dies
877 4158 917 4223 de
940 4158 1090 4222 iniunctis
1113 4157 1159 4221 eis
1181 4157 1362 4241 penitentiis

172 4264 419 4330 misericorditer
440 4264 635 4331 relaxamus.
660 4263 803 4330 Datum*
826 4265 928 4329 Rome
950 4260 1038 4348 apud
1059 4253 1213 4328 Sanctum
1229 4260 1361 4324 Petrum

171 4355 247 4435 1111.
271 4391 371 4434 nonas
393 4371 481 4452 iunii,
504 4371 707 4455 pontificatus
729 4369 827 4433 nostri
850 4389 935 4432 anno
958 4366 1113 4431 decimo.⁰
1229 4357 1235 4383 ’“

170 4528 295 4537 ..ι-..-
308 4527 377 4538 -ο-ι

171 4607 238 4669 882.
274 4617 418 4667 ι111111
439 4614 564 4666 mono.
585 4642 620 4656 —-
636 4617 650 4650 ¹³
668 4616 723 4666 Das
734 4612 872 4681 Folgende
889 4628 942 4663 von
960 4612 1072 4664 anderer
1085 4612 1129 4675 fl,
1146 4611 1203 4663 und
1219 4627 1292 4663 avar
1309 4627 1361 4661 von

171 4704 218 4755 der
234 4703 270 4753 H.
283 4703 329 4754 den
347 4701 418 4754 links
436 4709 516 4753 unter
533 4702 592 4753 dem
611 4704 687 4769 Buge
705 4702 887 4753 vermerkten:
909 4701 940 4751 F.
958 4700 991 4751 de
1005 4699 1218 4765 Montapnls'cr'afr.
1229 4725 1259 4738 -
1283 4709 1294 4734 ⁰
1312 4701 1360 4750 Ain
