3400 5350
1307 442 1369 506 261

177 630 286 685 vestre
309 643 367 706 per
389 632 555 707 presentes
579 623 709 709 plenum
733 628 935 712 participium
960 631 1141 710 missarum,
1174 633 1370 716 oracionem,

177 726 379 808 ieiuniorum,
392 727 576 811 vigiliarum
591 751 629 793 ao
644 731 786 795 omnium
802 730 959 796 bonorum
975 755 1119 818 operum,
1136 738 1244 821 quein
1260 745 1372 802 nostra

177 830 314 895 ecclesia
334 853 355 893 a
377 841 487 897 nostra
509 831 684 918 fragilitate
700 837 841 919 poterint
856 840 1047 922 perpetrari,
1070 838 1245 904 liberaliter
1260 861 1299 905 ae
1314 841 1369 925 hy-

177 934 288 1000 lariter
316 936 527 1002 fraternitatis
551 939 678 1002 nomine
701 938 921 1006 condonamus
943 940 1005 1006 hac
1028 943 1215 1008 condicione
1238 946 1369 1029 inserta,

175 1049 213 1105 ut
242 1062 479 1127 quemcumque
505 1041 642 1108 fratrum
669 1053 777 1108 vestre
808 1043 952 1128 ecclesie,
983 1046 1184 1112 sacerdotem
1214 1047 1267 1113 vel
1290 1047 1366 1135 dya-

176 1166 289 1210 conem
312 1145 461 1212 dominus
484 1149 660 1223 vocaverit,
683 1147 778 1213 huius
801 1152 907 1214 carnis
931 1153 1103 1217 terminum
1126 1151 1168 1216 ad
1184 1163 1367 1218 extremum

174 1252 372 1317 camerarius
392 1252 461 1316 sive
475 1250 567 1335 alter,
591 1255 646 1338 qui
663 1252 760 1317 habet
776 1253 926 1320 ordinare
942 1253 983 1320 de
998 1256 1144 1321 vestibus
1159 1266 1368 1342 mortuorum,

176 1356 321 1439 precium
355 1353 462 1420 baiulo
493 1354 534 1420 de
566 1357 643 1442 ipsis
672 1357 817 1424 vestibus
848 1358 992 1424 defuncti
1022 1360 1155 1445 tribuat,
1190 1365 1245 1447 qui
1275 1361 1367 1427 nobis

175 1469 312 1524 mortem
334 1481 425 1525 suam
448 1459 618 1525 adnuntiet
640 1470 784 1548 tempore
808 1472 974 1548 oportuno.
1006 1464 1049 1529 Et
1064 1474 1142 1530 tunc
1157 1467 1245 1551 prior
1260 1476 1369 1531 noster

174 1566 245 1628 sive
274 1565 380 1629 vicem
412 1566 461 1629 sui
484 1587 601 1650 gerens
624 1588 719 1630 mane
741 1568 919 1653 capitulum
941 1570 1132 1635 convocabit
1154 1579 1187 1635 et
1208 1570 1301 1636 nobis
1323 1572 1368 1635 in·

174 1669 272 1748 dicet,
301 1677 339 1733 ut
367 1670 401 1733 in
429 1691 567 1755 vespere
598 1670 816 1755 sollempniter
847 1671 1055 1758 conpulsetur
1077 1684 1110 1738 et
1133 1676 1235 1739 maior
1257 1675 1369 1761 vigilia

173 1774 303 1840 dicatur
329 1795 388 1859 pro
418 1773 532 1839 eodem
555 1785 588 1841 et
609 1777 643 1839 in
665 1798 760 1841 mane
783 1778 883 1841 missa
905 1798 964 1862 pro
987 1778 1149 1844 defunctis
1172 1802 1245 1845 cnm
1269 1780 1367 1845 choro

172 1878 326 1943 tanaliter
355 1877 537 1944 celebretur
559 1879 694 1964 singulis
717 1881 941 1947 sacerdotibus
964 1884 1094 1947 missam
1117 1906 1215 1949 unam
1238 1882 1367 1949 nichilo·

172 1986 279 2048 minus
309 1981 491 2066 legentibus
521 1986 554 2047 in
585 1994 762 2070 sequestro.
809 1986 853 2050 Et
875 1988 902 2050 si
925 1986 1011 2051 diem
1034 1986 1131 2069 illam,
1162 1990 1196 2051 in
1227 2009 1292 2073 qua
1314 1987 1366 2054 de-

172 2090 304 2154 functus
334 2090 544 2153 annuntiatus
573 2089 681 2173 fuerit,
712 2088 831 2155 festum
861 2089 993 2177 aliquod
1022 2091 1074 2156 vel
1105 2091 1285 2175 legitimum
1314 2115 1367 2157 ne·

174 2195 302 2280 gocium
325 2192 518 2278 impedierit,
541 2195 688 2279 sequenti
706 2194 769 2277 die,
793 2195 880 2280 quod
900 2194 1083 2280 neglectum
1099 2205 1158 2276 est,
1182 2195 1367 2280 diligentius

174 2296 371 2384 suppleatur.
410 2297 453 2362 Et
476 2299 503 2361 si
525 2297 667 2383 aliquem
688 2298 743 2362 illa
766 2298 819 2364 die
842 2322 886 2364 ex
908 2299 1130 2366 sacerdotibus
1152 2323 1271 2365 vacare
1294 2323 1366 2365 con-

172 2404 293 2488 tigerit,
316 2404 508 2488 quantocius
523 2401 660 2467 eandem
675 2403 912 2488 neglieuciam⁵
928 2405 1085 2490 suppleat,
1105 2404 1235 2491 quando
1250 2415 1365 2491 potest.

172 2507 439 2575 Sanctimoniales
461 2529 541 2573 vero
564 2517 672 2573 nostre
693 2508 840 2574 similiter
855 2511 888 2573 in
905 2532 1042 2595 vespere
1059 2510 1365 2597 compulsatiscam-

172 2614 275 2701 panis,
306 2611 524 2698 sollempniter
555 2614 693 2679 maiores
724 2613 899 2709 decantent
928 2615 1066 2701 vigilias,
1097 2618 1130 2680 in
1161 2638 1256 2681 mane
1286 2638 1364 2683 vero

171 2721 352 2806 unaqnevis
374 2717 461 2803 legat
483 2718 673 2805 psalterium
701 2718 889 2803 sigillatim,⁸
921 2723 947 2784 si
971 2743 1048 2785 vero
1071 2721 1145 2785 festi
1168 2720 1366 2786 excellencia

171 2847 230 2889 seu
258 2822 396 2889 arduum
427 2824 597 2907 negocium
628 2823 689 2889 hoe
719 2824 918 2910 impedierit,
951 2848 993 2889 ex
1024 2835 1102 2890 tunc
1133 2828 1281 2910 sequenti
1312 2825 1364 2890 die

171 2927 359 2993 evideneius
390 2926 590 3013 compleatur
620 2936 652 2991 et
682 2928 838 3015 quioquid
868 2927 905 2993 fit
928 2927 1088 2994 sacerdoti
1109 2930 1144 2992 in
1167 2928 1286 2993 divinis
1310 2929 1362 2993 ob-

170 3034 300 3119 sequiis,
331 3030 364 3095 id
396 3031 494 3096 debet
519 3030 651 3096 cuilibet
673 3032 907 3097 sanctimoniali
930 3032 1072 3097 totaliter
1094 3032 1251 3097 exhiberi.
1298 3031 1363 3097 Alii

170 3159 249 3202 vero
283 3134 460 3202 sacerdocii
489 3135 700 3201 karakterem
730 3158 794 3200 non
824 3137 982 3202 habentes
1011 3158 1113 3202 unum
1142 3136 1252 3222 legant
1281 3136 1362 3223 psal·

169 3244 298 3326 terium,
330 3240 478 3306 conversi
501 3262 579 3304 vero
603 3240 690 3305 mille
713 3239 836 3305 dicant:
869 3249 1102 3328 paternoster,
1134 3240 1363 3306 salutacionem

170 3347 265 3412 beate
287 3346 423 3430 virginis
446 3343 578 3409 cuilibet
600 3344 824 3429 adiungentes,
848 3345 1009 3411 sacerdoti
1029 3367 1107 3411 vero
1124 3346 1277 3411 defuncto
1294 3347 1364 3410 sive

170 3452 318 3537 dyacono
340 3471 406 3513 una
425 3447 592 3535 prebenda
613 3447 726 3514 eodem
741 3449 794 3513 die
809 3449 962 3515 videlicet
977 3450 1191 3537 deposicionis
1207 3472 1274 3532 sue,
1297 3472 1362 3535 que

169 3555 339 3622 consuevit
361 3552 433 3618 dari
455 3551 678 3618 sacerdotibus
701 3554 770 3619 sive
794 3552 1004 3640 dyaconibus,
1033 3553 1159 3620 duobus
1182 3553 1362 3620 scolaribus

169 3659 353 3745 legentibus
376 3680 475 3724 unum
498 3657 697 3743 psalterium,
725 3658 896 3724 tribuatur.
942 3660 977 3725 Si
1000 3681 1078 3724 vero
1101 3661 1134 3723 in
1156 3658 1363 3724 inferioribus

169 3765 336 3831 ordinibus
359 3765 524 3829 constituti
547 3762 698 3828 videlicet
720 3764 932 3851 subdyaconi,
960 3763 1076 3847 acoliti,
1105 3766 1252 3829 conversi
1275 3767 1362 3830 viam

169 3871 322 3936 universe
352 3869 458 3933 carnis
488 3869 625 3953 ingressi
654 3867 789 3952 fuerint,
822 3870 939 3933 iterum
969 3867 1061 3933 nobis
1091 3870 1301 3934 annuntietur
1331 3878 1363 3933 et

168 3972 299 4058 vigilias
322 3981 354 4037 et
377 3975 508 4037 missam
530 3995 629 4038 unam
652 3972 889 4039 celebrabimus
912 3975 946 4037 in
969 3974 1140 4038 communi.
1179 3972 1223 4037 Ει
1245 3995 1286 4037 ne
1309 3975 1362 4059 pie

168 4078 406 4145 recordacionis
429 4076 686 4162 predecessores,
710 4077 838 4160 fratres,
863 4076 1047 4143 sacerdotes
1069 4100 1109 4142 ac
1131 4080 1361 4163 cuiuscumque

168 4183 368 4249 condicionis
390 4191 499 4247 vestre
522 4189 554 4246 et
576 4191 686 4247 nostre
708 4182 845 4248 ecclesie
866 4205 887 4246 a
910 4181 965 4246 tali
988 4183 1040 4268 pie
1071 4181 1257 4247 devocionis
1288 4193 1362 4246 voto

168 4288 278 4375 aliquo
294 4286 389 4353 modo
405 4293 605 4372 separentur,
626 4288 808 4371 statuimus,
829 4296 866 4351 ut
881 4297 975 4351 sexta
990 4286 1072 4350 feria
1085 4286 1203 4350 festum
1219 4286 1361 4350 omnium

168 4401 354 4460 sanctorum
376 4393 525 4477 proxime
548 4390 766 4477 subsequente
789 4389 923 4476 singulis
945 4391 1038 4455 annis
1054 4390 1273 4476 sollempniter
1287 4411 1361 4455 cum

166 4495 281 4583 vigilia
310 4506 343 4561 et
372 4498 470 4561 missa
500 4496 643 4582 ipsorum
667 4493 892 4561 defunctorum
914 4517 953 4559 ac
980 4497 1129 4560 vivorum
1152 4492 1361 4560 fundatorum

167 4625 208 4668 ac
237 4601 480 4667 benefactorum
510 4598 691 4665 celebretur
721 4602 876 4666 memoria
906 4598 1064 4684 specialis,
1096 4599 1231 4684 singulis
1258 4621 1360 4665 sacer·

169 4704 300 4771 dotibus
322 4707 452 4771 missam
476 4727 574 4769 unam
597 4703 822 4770 nichilominus
842 4704 1026 4788 legentibus
1042 4706 1075 4770 in
1091 4713 1268 4790 sequestre,
1291 4702 1361 4768 aliis
