3400 5350
365 367 406 434 18

363 564 632 629 aptitarimmarsines
638 562 816 628 Mttnnsiegels
825 562 950 613 bodiente
959 560 1084 630 (Maillar,
1094 562 1299 629 Babsnb.-Reg.‚
1313 562 1339 612 S.
1347 564 1396 613 241
1407 562 1553 628 11616284).

364 649 440 699 Auch
458 649 593 701 arachaint
610 650 657 701 dar
674 655 753 701 untar
771 650 824 700 den
841 650 950 716 Zengen
968 649 1027 700 hier
1044 648 1213 700 auftretende
1233 629 1373 700 lldalricns
1391 649 1489 700 Struno
1508 652 1555 699 mit

364 738 458 788 seiuan
471 737 580 788 Schneu
597 753 658 788 zum
676 736 848 788 letztenmale
866 739 933 788 1203
951 737 1079 804 (Meillar,
1096 737 1191 789 obend.
1210 738 1236 789 S.
1250 739 1284 788 90
1302 753 1342 788 nr.
1357 736 1410 806 42),
1430 737 1555 790 withrsnd

366 824 414 876 der
435 825 556 891 Jttngare
579 825 676 875 Ulrich
697 825 796 876 Struno
820 826 888 875 1207
915 823 956 874 als
983 825 1161 887 ,marscalcns‘
1184 825 1289 876 austritt
1312 823 1440 891 (Meillsr,
1461 825 1554 876 ehsnd

364 912 391 965 S.
404 913 437 962 97
457 929 496 963 nr.
510 914 543 962 61
561 912 617 963 und
637 913 663 963 S.
676 910 748 980 317).

468 1095 543 1182 }{In
565 1097 695 1160 nomine
718 1105 830 1160 sancte
853 1104 886 1160 et
912 1094 1078 1160 individue
1107 1096 1265 1178 trinitatis,
1295 1118 1401 1160 amen.
1424 1096 1439 1181 ξ
1472 1094 1554 1176 Quo

364 1201 451 1264 niam
473 1199 560 1264 facta
582 1198 765 1264 mortalium
787 1198 1010 1285 temporalium
1037 1209 1210 1263 secuntur·
1241 1208 1372 1283 motum,
1402 1198 1478 1264 utile
1509 1209 1557 1264 est

365 1327 405 1368 ea
433 1303 546 1367 litteris
576 1311 741 1386 annotare,
772 1312 809 1367 ut
837 1305 885 1367 sic
907 1304 1094 1368 memoriam
1117 1304 1166 1367 sui
1189 1305 1325 1389 posteris
1347 1302 1480 1368 valeant
1502 1326 1555 1368 ex·

365 1407 487 1473 hibere.
533 1407 622 1473 Sciat
651 1409 748 1493 igitur
777 1416 843 1471 tam
873 1429 1007 1493 presens
1038 1429 1135 1493 quam
1164 1406 1274 1471 fiitura
1308 1416 1386 1491 etas,
1420 1408 1557 1494 qualiter

365 1532 474 1577 comes
495 1510 665 1576 Lintoldus
696 1510 737 1575 de
764 1510 971 1576 Hardekke¹
1002 1511 1137 1575 ecclesie
1160 1510 1393 1577 Ohotewicensi
1423 1521 1455 1576 et
1485 1533 1555 1577 con·

364 1617 476 1680 ventui
498 1614 644 1680 eiusdem
666 1614 727 1679 loci
749 1614 953 1680 advocatiam
976 1637 1074 1700 super
1096 1617 1180 1679 omni
1203 1614 1316 1700 predio
1336 1615 1379 1680 ad
1395 1615 1556 1680 officinam

366 1742 458 1784 suam
479 1721 510 1784 in
535 1719 651 1784 Ravna
673 1729 874 1805 spectantem
897 1741 971 1784 cum
994 1721 1079 1784 omni
1102 1740 1232 1805 prorsus
1255 1721 1325 1785 iure
1348 1728 1380 1784 et
1402 1722 1556 1806 pensione

366 1826 493 1888 nomine
523 1825 666 1909 pignoris
696 1823 850 1910 obligavit
881 1846 920 1888 ea
948 1823 1031 1908 lege,
1063 1833 1098 1889 ut
1128 1845 1238 1888 omnes
1265 1824 1388 1889 fructus
1412 1824 1556 1889 eiusdem

366 1926 536 1993 advocatie
557 1929 622 1992 iam
645 1926 730 1993 dicto
754 1927 873 1992 cedant
895 1930 1097 2012 monasterio,
1120 1949 1182 1991 nac
1204 1926 1253 1991 ias
1276 1930 1316 1990 sit
1338 1926 1433 1992 alicui
1449 1938 1557 2014 preter

367 2031 556 2115 debitorem,
588 2033 642 2118 qui
672 2054 741 2096 rem
772 2031 929 2116 obligavit
958 2054 1001 2096 ex
1031 2033 1120 2095 iussu
1150 2052 1207 2095 suo
1237 2032 1353 2115 pignus
1381 2029 1557 2117 obligatum

366 2136 501 2220 solvere,
533 2135 592 2200 sed
623 2138 664 2201 sit
692 2158 793 2221 penes
825 2158 879 2201 eos
905 2146 972 2201 tam
999 2139 1114 2222 pignus
1137 2157 1235 2221 quam
1257 2136 1380 2200 fructus
1403 2137 1556 2223 pignoris,

366 2240 470 2305 donec
504 2262 611 2306 comes
645 2250 774 2305 centum
807 2262 945 2324 marcas,
980 2240 1096 2327 quibus
1125 2239 1296 2305 advocatia
1325 2250 1375 2305 est
1404 2239 1556 2326 obligato,

366 2345 502 2410 ecclesis
524 2348 680 2411 restituat.
713 2346 835 2411 Verum
859 2348 935 2431 quia
957 2354 1142 2410 contractus
1162 2366 1205 2408 ex
1221 2346 1433 2409 conventione
1448 2344 1558 2430 legum

365 2452 528 2536 accipiunt
551 2448 730 2514 secundum
753 2448 889 2514 formam
911 2449 964 2514 hic
987 2471 1186 2535 expressam,
1210 2470 1271 2533 ego
1287 2447 1467 2535 Liupoldus
1488 2448 1558 2513 dux

366 2552 495 2618 Austrie
518 2553 605 2618 huno
629 2563 828 2618 contractum
849 2552 942 2639 sigilli
962 2556 1025 2617 mei
1040 2554 1238 2638 inpressione
1254 2552 1417 2618 confirmo.
1449 2553 1556 2618 Huius

366 2660 414 2722 rei
444 2666 541 2723 testes
572 2667 659 2724 sunt:
691 2656 871 2744 Liupoldus
898 2657 967 2723 dux
989 2657 1131 2743 Austris,
1163 2678 1270 2723 comes
1293 2656 1474 2743 Lintoldus,
1507 2657 1556 2723 do

367 2764 473 2827 minus
496 2762 683 2828 Hadmarus
712 2762 753 2828 de
780 2762 979 2849 Ohunringe,
1003 2762 1201 2829 Wichardus
1232 2760 1369 2847 dapifer,
1399 2761 1559 2827 tholfus

367 2867 409 2932 de
437 2867 624 2952 Botendorf,
655 2866 874 2954 Marquardus
898 2866 938 2933 de
962 2867 1152 2953 Hintperch,
1175 2847 1349 2933 lldalricus
1379 2866 1498 2931 Strnno
1528 2877 1561 2931 et

367 2972 451 3037 filius
478 2995 554 3038 suus
578 2972 706 3039 Vlricus
734 2973 941 3057 marscalcus,
957 2973 1146 3038 Heinricus
1169 2971 1211 3038 de
1234 2971 1466 3057 antgingen,¹'
1496 2972 1560 3036 Ro-

368 3076 474 3142 dolfus
497 3077 538 3142 de
562 3076 836 3164 Synmaenningo.

471 3279 497 3330 S.
517 3279 541 3329 d.
560 3279 697 3344 Herzoges
714 3278 835 3344 Loopold
847 3278 904 3341 VI„
927 3278 1078 3344 ungsftrbt,
1095 3279 1170 3330 111ss
1184 3280 1208 3342 3,
1226 3278 1294 3330 Abb.
1307 3279 1351 3330 161
1370 3277 1449 3343 Sava,
1470 3277 1560 3344 Siegel

367 3367 391 3417 d.
406 3371 497 3417 tstarr.
510 3366 659 3431 1163611161,
677 3365 842 3431 Sap-Abda,
861 3366 896 3415 81
913 3365 973 3432 rig.
986 3367 1028 3416 21.

411 3644 468 3711 64.
820 3647 902 3706 12⁰7
921 3643 1383 3726 [ποτε-5611111111
1399 3650 1516 3708 linens.

369 3833 435 3899 Die
457 3834 555 3900 Aebte
576 3833 728 3900 Weralwr
757 3854 817 3898 oon
838 3832 1084 3917 Heilipenltrcaa
1113 3834 1181 3898 aad
1210 3833 1327 3899 Richer
1355 3854 1415 3899 oon
1437 3833 1563 3914 Zwettl,

368 3939 421 4003 dic
441 3939 575 4021 Prdpste
597 3938 730 4022 Siphort
757 3959 818 4003 oon
847 3937 896 4003 St.
920 3937 1033 4003 Patren
1061 3939 1130 4003 aad
1159 3937 1229 4004 Otto
1258 3959 1319 4003 voa
1348 3937 1396 4003 St.
1420 3938 1562 4003 Florian

367 4044 436 4108 aad
458 4043 514 4108 der
535 4043 673 4125 Pfarrcr
694 4043 834 4109 Koarud
855 4064 916 4108 ooo
938 4041 1103 4109 Rossbach
1125 4042 1321 4109 catacheiden
1343 4041 1561 4108 6138611613-

368 4321 416 4378 oa
472 4323 587 4374 ·a·-
606 4324 619 4358 ι»
636 4324 668 4375 n.
687 4328 750 4374 aaa
768 4323 927 4390 narem

474 4479 484 4511 ¹
502 4480 571 4533 Grai
585 4479 695 4531 Lintold
707 4479 755 4530 111.
774 4495 828 4530 vou
846 4481 951 4543 Pleion,
968 4479 1086 4530 walchan
1103 4479 1172 4529 nach
1189 4481 1290 4530 asinam
1308 4479 1414 4530 Besitzo
1426 4479 1562 4546 nardegg,

369 4568 401 4619 V.
415 4567 446 4618 Ο.
458 4567 495 4618 Μ.
509 4568 550 4628 Β.,
568 4569 688 4618 bonmnt
705 4566 840 4617 ersohaint
857 4565 937 4632 (Filo,
960 4566 1121 4618 Gsschiehte
1143 4582 1168 4616 v.
1188 4566 1391 4617 Michalbeusrn
1410 4566 1432 4626 1,
1451 4568 1503 4618 238
1520 4565 1563 4615 bis

369 4655 428 4716 244,
447 4652 519 4719 aaa).
