3400 5350
1279 437 1320 501 97

138 622 212 688 alter
231 646 308 689 vero
330 622 526 690 Ohunradus
547 626 736 691 vocabatur.
768 626 932 693 Ortwinus
955 650 1033 692 vero
1055 651 1154 694 cruce
1176 631 1322 715 signatus

137 750 236 793 amore
257 731 356 814 patris
380 738 414 794 et
436 731 553 795 sororis
575 752 633 795 sue
656 753 714 818 pro
737 740 830 817 parte
854 731 1039 797 hereditatis
1062 755 1120 798 sue
1151 734 1321 799 ecclesiam

137 832 366 899 Gotwicensem
388 835 524 899 instituit
545 833 709 900 heredem.
744 836 809 900 Hic
835 836 923 901 nullo
953 836 1063 901 relicto
1093 837 1214 903 herede
1245 838 1322 904 obiit

136 937 328 1022 inpartibus
359 938 642 1025 lerosolymitanis,
673 938 869 1006 Ohunradns
898 963 977 1006 vero
1007 942 1107 1007 frater
1136 964 1213 1008 suus
1243 953 1322 1030 aput

136 1041 265 1107 eandem
289 1043 460 1108 ecclesiam
483 1042 627 1128 obtinuit,
650 1053 686 1109 ut
708 1044 821 1110 liceret
842 1047 872 1109 ei
895 1055 1022 1130 partem
1044 1046 1151 1112 fratris
1175 1057 1321 1133 tempore

134 1149 192 1211 vite
213 1168 271 1212 sue
293 1149 422 1212 nomine
445 1148 544 1234 ipsius
567 1147 704 1214 ecclesie
726 1149 893 1236 possidere
916 1149 1100 1217 conditione
1123 1153 1319 1237 interposita,

135 1261 166 1316 nt
191 1273 265 1337 pers
295 1251 494 1335 hereditatis,
525 1274 588 1339 que
618 1255 724 1339 ipsum
757 1254 975 1341 contingebat,
1007 1254 1049 1319 ad
1084 1253 1320 1322 Gotwicensem

134 1355 297 1421 ecclesiam
320 1357 417 1421 etiam
440 1366 511 1442 post
533 1365 668 1422 mortem
690 1379 783 1423 suam
805 1368 975 1445 spectaret.
1006 1358 1100 1423 Idem
1120 1381 1198 1424 vero
1214 1359 1320 1426 Chun-

133 1460 224 1525 rsdus
246 1470 321 1547 post
351 1459 413 1525 hec
444 1461 538 1525 duxit
563 1483 700 1526 uxorem
729 1462 862 1527 viduam
892 1465 1020 1528 nomine
1048 1462 1226 1548 Virginem,
1257 1487 1320 1550 que

133 1563 237 1629 habuit
266 1564 368 1630 filiam
398 1567 528 1631 nomine
559 1565 693 1631 Gisilam
723 1588 783 1652 per
804 1566 1017 1633 Ohunradum
1049 1566 1258 1654 Chlornmph,
1289 1578 1321 1633 et

132 1667 240 1733 eadem
263 1669 401 1755 Virgina
423 1680 616 1755 procurante
638 1669 813 1735 Chunrado
836 1672 981 1737 similitor
1003 1671 1138 1737 obtinuit
1153 1671 1320 1758 personale

133 1771 331 1857 beneficium,
354 1785 390 1839 ut
411 1772 523 1838 liceret
545 1773 606 1838 sibi
630 1774 762 1840 easdem
777 1777 997 1861 possessiones
1012 1786 1157 1861 tempore
1180 1778 1245 1841 vite
1261 1797 1319 1841 sue

131 1876 366 1943 aGotwicensi
389 1880 581 1943 monasterio
604 1877 779 1963 possidere.
808 1879 936 1944 Deinde
960 1878 1062 1944 Gisila
1081 1881 1190 1966 nupsit
1204 1881 1319 1945 Wern·

131 1980 226 2046 bardo
248 1981 293 2046 de
310 1980 493 2067 Morspach,
517 1980 559 2047 de
580 2004 643 2069 quo
658 1982 739 2048 filios
755 1985 933 2068 generavit.
969 1984 1097 2049 Mortuo
1113 1982 1320 2049 Wernhardo

131 2083 167 2149 de
188 2084 365 2172 Morspach
389 2085 504 2151 eadem
520 2085 623 2152 Gisila
642 2086 791 2173 copulata
814 2097 864 2152 est
878 2087 1012 2153 Alramo
1036 2087 1077 2152 de
1097 2087 1269 2153 Houedorf
1288 2099 1321 2154 et

131 2192 200 2275 quia
220 2190 264 2256 ad
288 2190 382 2273 filios,
404 2212 484 2276 quos
507 2190 549 2255 de
565 2191 772 2257 Wernhardo
788 2201 987 2277 susceperat,
1002 2202 1069 2257 tote
1085 2192 1320 2258 devolvebatur

130 2293 296 2379 hereditas,
320 2297 392 2381 ipsa
416 2295 548 2361 Alramo
571 2295 733 2382 predictas
755 2298 973 2382 possessiones
997 2295 1039 2360 de
1062 2297 1158 2380 facto,
1182 2318 1256 2361 cum
1277 2296 1319 2362 de

131 2401 192 2465 iuro
213 2422 277 2465 non
293 2409 414 2486 posset,
432 2400 572 2483 contulit,
588 2402 642 2486 qui
659 2402 753 2465 etiam
771 2423 826 2465 ees
842 2424 900 2487 pro
923 2422 981 2466 sue
996 2400 1170 2466 voluntatis
1186 2402 1318 2467 arbitrio

131 2501 318 2589 disponebat
355 2503 477 2569 nullam
515 2503 802 2570 contradictionem
838 2527 859 2569 a
891 2504 964 2569 filiis
994 2504 1194 2571 Wernhardi
1228 2507 1319 2571 susti·

132 2607 238 2673 nendo.
274 2607 479 2674 Procedente
501 2618 645 2697 tempore
669 2608 754 2674 idem
779 2608 931 2674 Alramus
954 2619 986 2674 et
1013 2631 1096 2674 uxor
1124 2612 1192 2673 eius
1216 2608 1319 2675 Gisila

130 2714 325 2799 suspicantes
348 2736 368 2777 a
391 2712 587 2779 Gotwicensi
618 2716 809 2780 monasterio
841 2735 889 2798 co,
917 2714 1004 2800 quod
1027 2714 1163 2800 Virgine
1193 2724 1319 2780 tantum

130 2814 167 2879 ad
187 2820 359 2883 terminum
375 2820 442 2882 vite
465 2839 522 2883 sue
546 2818 677 2883 easdem
700 2821 917 2904 possessiones
939 2818 1131 2902 obtinuerat,
1154 2817 1215 2883 sibi
1231 2818 1318 2884 litem

129 2920 230 2985 inferri
259 2922 346 2987 filios
374 2921 573 2987 Wernhardi
602 2924 635 2986 iu
666 2921 880 3008 preiudicium
912 2922 1138 2988 Gottwicensis
1170 2921 1318 3003 ecclesie,

130 3031 285 3112 tamquam
309 3028 371 3112 ipsi
395 3036 502 3091 esseut
523 3025 687 3111 legittimi·
710 3047 924 3110 successores,
947 3035 983 3090 ut
1002 3048 1060 3112 per
1076 3047 1130 3090 eos
1147 3029 1319 3091 conventui

130 3132 270 3196 resistere
302 3131 460 3212 valerent,
492 3132 525 3195 in
555 3132 789 3217 possessionem
820 3129 997 3195 earundem
1027 3130 1176 3195 villarum
1208 3152 1319 3196 secum

130 3237 239 3317 pariter
261 3235 467 3302 admiserunt
481 3245 619 3320 excepto
633 3238 704 3300 iure
718 3235 905 3300 instituendi
921 3247 953 3301 et
968 3234 1163 3301 destituendi
1179 3235 1318 3300 colonos.

131 3336 262 3404 Domum
285 3341 462 3406 Heinricus
486 3338 527 3405 de
551 3338 692 3426 Chrige,
715 3339 798 3404 filius
822 3339 1015 3423 Eberhardi,
1044 3338 1189 3404 eiusdem
1217 3339 1319 3406 Gisile

130 3440 228 3528 filiam,
252 3443 393 3511 Gisilam
415 3454 645 3528 nuncupatam,
676 3446 709 3508 in
738 3466 873 3508 uxorem
900 3443 1054 3509 traduxit.
1094 3443 1220 3525 Quibus
1243 3445 1319 3510 Got-

130 3548 266 3613 wicensis
291 3548 440 3632 ecclesia,
464 3550 538 3635 quia
560 3550 593 3612 in
615 3550 684 3613 iuro
707 3550 846 3633 potiores
869 3548 1074 3632 videbantur,
1098 3547 1186 3614 litem
1208 3551 1318 3633 movit,

130 3671 184 3734 qne
203 3654 370 3719 mediante
393 3652 580 3718 Hadcmero
604 3652 645 3717 de
668 3652 902 3738 vannringen
923 3675 983 3739 per
1006 3652 1210 3718 amicabilem
1234 3675 1317 3718 com·

131 3758 312 3839 positionem
343 3758 402 3822 fuit
431 3757 571 3823 totaliter
601 3761 713 3843 sopita,
741 3768 776 3822 ut
806 3767 984 3822 conventus
1008 3758 1221 3823 Gotwicensis
1251 3766 1318 3822 tam

130 3879 179 3942 pro
199 3860 458 3947 possessionibus
481 3861 687 3948 supradictis,
711 3883 808 3948 quam
831 3882 889 3946 pro
912 3859 1095 3925 hominibus
1126 3871 1256 3926 centum
1287 3871 1319 3926 et

130 3960 157 4027 X
177 3965 296 4031 talenta
311 3968 391 4052 ipsis
406 3964 615 4051 persolveret.
654 3964 726 4030 Hac
743 3966 882 4052 pecunia
898 3965 1001 4029 soluta
1018 3964 1120 4030 Gisila
1136 3975 1168 4030 et
1183 3967 1317 4030 maritus

131 4068 190 4131 eius
210 4072 271 4133 iuri
294 4091 365 4151 suo,
389 4071 415 4133 si
437 4068 524 4155 quod
539 4068 662 4134 habere
678 4068 881 4153 videbantur,
898 4067 1027 4154 publice
1043 4070 1316 4134 renuntiaverunt.

130 4167 218 4238 Porro
241 4196 319 4239 curn
335 4171 547 4239 Gotwicensis
571 4172 708 4238 ecclesia
723 4172 901 4238 eorundem
916 4171 1101 4260 prediorum
1122 4182 1218 4237 nacta
1233 4184 1318 4238 esset

131 4281 358 4358 possessionem
381 4288 413 4343 et
435 4277 490 4342 diu
506 4280 537 4343 in
561 4300 642 4365 pace
657 4277 847 4365 possideret,
864 4277 1037 4343 Heinricus
1062 4287 1094 4342 et
1109 4276 1184 4344 Otto
1200 4277 1317 4342 fratres

131 4377 166 4445 de
179 4381 354 4469 Morspacb
379 4404 488 4448 coram
503 4382 596 4448 nobis
615 4393 647 4448 et
671 4382 798 4448 domino
815 4362 944 4447 l'lrico⁴
960 4381 1145 4447 Pataviensi
1167 4383 1318 4468 episcopo

132 4532 173 4589 83,
223 4549 237 4573 ι

222 4541 350 4678 ⁴dlricb
376 4627 411 4678 11.
429 4643 481 4678 von
508 4627 755 4679 bodoma-Diome
783 4629 988 4692 lats-mal
1011 4625 1127 4676 October
1148 4626 1180 4675 31
1207 4624 1317 4692 (Eubel,

133 4706 258 4763 memb.
271 4714 347 4780 411).

178 4804 280 4850 Fontes.
299 4808 331 4850 11.
341 4808 406 4850 ΔΜΒ,
424 4807 464 4850 Bd.
474 4807 510 4849 ul.
1145 4802 1160 4850 ⁷
