3400 5350
1288 433 1352 499 703

158 621 283 708 clesias,
317 644 454 709 quarum
487 621 603 709 prefati
637 621 765 688 abbas·
793 625 921 710 patroni
955 634 991 689 ut
1020 634 1169 689 asserunt
1199 626 1351 709 existunt,

158 724 244 791 dicto
267 749 378 792 eorum
400 728 593 792 monasterio
615 728 821 813 incorporare
844 736 1019 793 annectere
1042 737 1075 793 et
1096 730 1188 794 unire
1209 728 1250 794 de
1265 729 1352 795 beni·

158 833 280 917 gnitate
310 830 485 918 apostolica
516 829 734 917 dignaremur.
781 831 847 896 Nos
870 833 967 917 igitur
988 831 1173 898 huiusmodi
1195 834 1351 922 supplica·

159 935 304 1001 cionibus
326 936 469 1002 inclinati
493 934 684 1002 discrecioni
706 946 760 1001 tue
790 960 850 1025 per
879 935 1055 1023 apostolica
1081 940 1200 1024 scripta
1222 938 1352 1004 manda-

158 1063 239 1126 mus,
263 1051 420 1127 quatenus
443 1041 607 1128 predictas
629 1040 793 1126 ecclesias,
817 1063 955 1128 quarum
970 1051 1100 1108 centum
1116 1064 1190 1108 cnm
1205 1042 1353 1109 omnibus

158 1144 282 1210 iuribus
305 1154 337 1210 et
359 1147 566 1232 pertinenciis
581 1147 647 1212 suis
664 1145 789 1232 prefato
805 1149 1009 1230 monasterio,
1033 1149 1124 1212 cuius
1140 1147 1353 1213 ducentarum

158 1271 341 1315 marcarum
364 1253 491 1335 argenti
512 1253 586 1338 puri
607 1250 732 1316 fructus
755 1250 903 1317 redditus
924 1260 957 1317 et
979 1261 1154 1337 proventus
1174 1250 1354 1318 secundum

159 1376 363 1419 communem
393 1356 667 1421 existimacionem
697 1355 840 1421 valorem
870 1377 1015 1421 annuum
1044 1367 1081 1421 ut
1109 1358 1264 1421 asseritur
1290 1379 1353 1422 non

159 1458 334 1542 excedunt,
368 1462 558 1525 auctoritate
589 1458 766 1547 apostolica
795 1471 951 1547 perpetuo
981 1463 1167 1547 incorpores
1197 1463 1289 1525 unias
1322 1471 1356 1526 et

159 1572 315 1629 annectas
336 1566 391 1649 ita,
415 1564 502 1650 quod
525 1564 714 1631 cedentibus
738 1565 791 1630 vel
814 1563 1050 1631 decedentibus
1072 1564 1251 1631 rectoribus
1273 1567 1354 1651 ipsa·

159 1690 232 1733 rum
254 1667 475 1752 ecclesiarum,
507 1670 561 1755 qui
588 1691 675 1734 nunc
705 1679 790 1754 sunt,
819 1669 874 1735 vel
904 1669 1060 1735 ecclesias
1089 1671 1176 1756 ipsas
1202 1667 1282 1735 alias
1305 1692 1354 1735 co

160 1773 354 1839 modolibetl
377 1774 610 1840 dimittentibus
632 1772 729 1840 liceat
749 1773 904 1861 predictis
926 1774 1037 1840 abbati
1053 1785 1086 1840 et
1100 1777 1273 1841 conventui
1288 1797 1354 1841 cor·

160 1878 305 1966 poralem
325 1879 561 1965 possessionem
583 1878 795 1954 ecclesiarum
825 1902 866 1945 ac
888 1882 1005 1945 iurium
1028 1889 1060 1944 et
1081 1881 1355 1966 pertinenciarum

159 1981 379 2069 predictorum
400 1981 503 2049 libere
525 1983 772 2071 apprehendere
795 1993 828 2049 et
845 1983 932 2049 licite
946 1986 1087 2049 retinere
1102 1983 1280 2072 dyocesani
1293 1982 1355 2049 loci

159 2088 212 2152 vel
243 2089 463 2174 cuiuscunque
494 2087 625 2154 alterius
656 2109 754 2175 super
783 2087 845 2153 hoc
874 2088 1011 2154 licencia
1038 2091 1168 2155 minime
1190 2090 1353 2175 requisita.

160 2192 360 2257 Reservatur
380 2200 490 2257 tamen
513 2191 554 2257 de
577 2192 735 2258 motibus
758 2192 939 2259 redditibus
962 2205 995 2258 et
1016 2193 1227 2281 proventibus
1248 2196 1355 2280 singu·

159 2295 263 2362 larum
286 2300 429 2383 ipsarum
451 2296 662 2364 ecclesiarum
685 2320 743 2384 pro
771 2298 904 2384 singulis
930 2300 1093 2386 perpetuis
1115 2301 1244 2365 vicariis
1266 2323 1355 2367 secu·

160 2401 281 2468 laribus
311 2400 432 2467 ibidem
461 2401 664 2468 instituendis
694 2411 727 2468 et
753 2405 920 2468 servituris
943 2402 1073 2469 domino
1095 2401 1301 2470 laudabiliter
1322 2407 1356 2470 in

161 2506 278 2572 divinis
301 2509 451 2592 congruis
474 2506 689 2593 porcionibus,
717 2508 759 2572 de
782 2507 900 2594 quibus
922 2510 1035 2573 vicarii
1056 2510 1118 2595 ipsi
1139 2511 1262 2595 possint
1284 2531 1356 2575 con·

160 2633 240 2698 grue
264 2613 446 2695 sustentari,
470 2611 666 2699 episcopalia
687 2614 758 2678 iura
780 2612 907 2679 solvere
930 2624 963 2679 et
984 2612 1049 2678 alia
1068 2615 1114 2679 eis
1129 2614 1356 2681 incumbencia

161 2739 259 2782 onera
281 2727 472 2804 supportare
494 2739 558 2782 non
582 2717 793 2803 obstantibus,
817 2722 843 2783 si
868 2720 984 2806 aliquis
1007 2740 1106 2804 super
1120 2719 1356 2806 provisionibus

160 2821 222 2886 sibi
251 2821 408 2887 faciendis
439 2821 480 2886 de
509 2821 765 2907 parrochialibus
797 2823 942 2889 ecclesiis
964 2822 1018 2888 vel
1041 2822 1111 2888 aliis
1134 2823 1300 2889 beneficiis
1323 2826 1355 2888 in

160 2926 220 2992 illis
242 2925 390 3013 partibus
421 2925 580 3012 speciales
610 2927 664 2992 vel
692 2927 863 3012 generales
886 2927 972 2993 dicte
995 2926 1080 2992 sedis
1103 2927 1156 2993 vel
1178 2928 1356 3012 legatorum

161 3034 228 3098 eius
251 3031 360 3096 literas
383 3033 577 3118 impetravit,
602 3034 627 3097 si
650 3035 756 3097 eciam
777 3055 836 3118 per
860 3054 917 3099 eas
939 3032 983 3098 ad
1003 3031 1233 3099 inhibicionem
1254 3055 1355 3099 reser-

161 3139 330 3203 vacionem
360 3147 393 3202 et
421 3137 610 3202 decretum⁰
641 3136 694 3203 vel
724 3136 805 3202 alias
834 3136 1074 3224 quomodolibet
1096 3140 1136 3202 sit
1157 3159 1356 3225 processum,

162 3264 241 3328 quas
265 3240 397 3328 quidem
418 3241 528 3307 literas
549 3251 582 3307 et
604 3263 775 3329 processus
796 3263 857 3328 per
883 3265 939 3307 eas
960 3242 1087 3308 babitus
1110 3244 1156 3307 eis
1179 3241 1286 3329 quoad
1309 3265 1356 3308 as-

162 3347 366 3411 secucionem
383 3346 634 3432 parrochialium
656 3345 867 3412 ecclesiarum
889 3356 946 3412 aut
967 3345 1199 3412 beneficiorum
1222 3346 1356 3412 aliorum

162 3450 375 3536 preiudicinm
397 3453 549 3536 generari
571 3460 604 3518 et
625 3452 873 3540 quibuscunque
888 3450 1065 3539 privilegiis
1087 3450 1303 3538 indulgenciis
1325 3465 1358 3517 et

161 3554 260 3620 literis
291 3555 473 3641 apostolicis
504 3555 698 3643 specialibus
721 3566 754 3623 ct
774 3555 993 3643 generalibus,
1024 3578 1290 3644 quorumcunque
1312 3567 1355 3622 te·

161 3681 276 3724 norum
300 3662 450 3745 existant,
480 3681 539 3746 per
562 3682 625 3747 que
647 3660 852 3748 presentibus
874 3682 939 3726 non
962 3682 1119 3747 expressa
1142 3660 1195 3725 vel
1217 3660 1358 3726 totaliter

162 3785 225 3828 non
248 3765 369 3829 inserta
391 3764 527 3829 effectus
548 3763 697 3851 impediri
719 3787 832 3831 earum
854 3764 963 3830 valeat
976 3763 1031 3829 vel
1047 3763 1170 3830 differri
1185 3764 1356 3852 quomodo

161 3867 241 3933 libet
271 3878 304 3933 et
332 3867 375 3933 de
405 3869 523 3954 quibus
553 3891 754 3957 quorumque
785 3871 859 3936 tutis
884 3869 1051 3935 tenoribus
1081 3868 1234 3935 habenda
1262 3872 1302 3934 sit
1323 3873 1357 3934 in

162 3974 278 4037 nostris
299 3971 400 4037 literis
423 3976 548 4039 mencio
571 3973 731 4061 specialis.
776 3975 844 4041 Nos
867 3977 954 4041 enim
976 3996 1020 4039 ex
1041 3996 1129 4040 nunc
1153 3973 1357 4039 decernimus

162 4078 287 4143 irritum
309 4086 342 4141 et
363 4079 469 4162 inane,
493 4081 519 4143 si
542 4101 636 4145 secus
659 4101 757 4167 super
778 4078 840 4145 biis
863 4102 884 4144 a
906 4101 1071 4166 quoquam
1093 4080 1208 4166 quavis
1223 4081 1356 4143 auctori·
1399 4070 1404 4078 “

161 4190 227 4247 tate
249 4182 389 4247 scienter
410 4181 464 4247 vel
486 4184 671 4269 ignoranter
694 4185 863 4270 contigerit
885 4185 1078 4271 attemptari.
1110 4184 1234 4249 Datum
1255 4183 1356 4249 Ianue

163 4284 220 4351 vl.
236 4284 396 4352 kalendas
420 4286 613 4372 decembris,
636 4288 840 4375 pontificatus
863 4290 964 4354 nostri
986 4310 1071 4353 anno
1094 4309 1188 4353 nono.

164 4562 230 4616 782.
268 4566 1356 4633 ⁸2norgunaanuwamas-bss.stattqaomdotsea.—·amltmr.
