3400 5350
392 411 456 479 648

391 607 466 671 lecti
495 606 552 672 filii
573 605 699 672 Nicolai
721 606 869 672 Heinrici
899 606 940 672 de
963 604 1082 673 Sancto
1104 606 1265 694 Yppolito,
1295 608 1445 694 pauperis
1475 604 1580 671 clerici

391 721 445 777 tue
476 712 636 799 dyocesis,
665 712 754 799 apud
784 711 897 777 sedem
925 712 1135 798 apostolicam
1157 714 1319 778 constituti
1341 711 1580 798 supplicacioni·

391 816 451 881 bus
480 816 623 882 inclinati
652 817 845 883 fraternitati
875 826 929 881 tue
959 838 1018 903 per
1040 816 1214 903 apostolica
1237 819 1356 904 scripta
1378 815 1579 898 mandamns,

390 932 549 1009 quatenus
580 920 621 986 de
651 923 717 986 vita
743 931 776 986 et
797 924 1049 987 conversacione
1071 923 1171 1007 ipsius
1193 921 1311 1006 clerici,
1334 924 1389 1008 qui
1411 931 1447 986 ut
1468 921 1580 986 asser-it

390 1026 584 1092 beneficium
606 1025 694 1091 aliud
717 1025 972 1091 ecclesiasticum
995 1048 1058 1091 non
1082 1025 1203 1092 obtinet
1226 1037 1258 1093 et
1280 1048 1377 1112 quem
1398 1048 1457 1112 per
1477 1035 1580 1090 certos

390 1133 627 1196 examinatores
650 1152 748 1215 super
769 1130 831 1196 hoc
854 1130 1024 1216 deputatos
1047 1129 1181 1197 anobis
1204 1130 1245 1196 de
1266 1130 1445 1196 litteratura
1461 1130 1579 1195 exami-

388 1239 459 1301 nari
485 1236 621 1302 fecimus
652 1234 822 1320 diligenter
852 1237 972 1322 quique
997 1236 1030 1300 in
1053 1234 1108 1300 illa
1129 1245 1275 1322 repertus
1298 1245 1346 1300 est
1367 1234 1518 1321 ydoneus
1540 1231 1578 1297 ad

389 1340 643 1406 ecclesiasticum
658 1340 854 1406 beneficium
874 1338 1094 1423 obtinendum,
1118 1339 1251 1405 solerter
1265 1342 1439 1427 inquirens,
1463 1341 1491 1403 si
1508 1360 1578 1403 enm

388 1448 454 1511 vite
475 1444 646 1510 laudabilis
670 1454 703 1510 et
724 1444 858 1511 honeste
881 1446 1139 1510 conversacionis
1162 1467 1233 1511 esse
1247 1447 1429 1531 reppereris
1444 1454 1479 1508 et
1494 1439 1579 1507 aliud

388 1551 582 1617 beneficium
605 1549 859 1616 ecclesiasticum
882 1572 947 1615 non
969 1549 1113 1616 obtineat
1133 1550 1286 1637 aliudque
1309 1552 1501 1615 canonicum
1517 1568 1578 1612 non

388 1655 521 1722 obsistat
551 1658 580 1720 ei
611 1655 653 1721 de
682 1655 790 1742 aliquo
812 1655 972 1721 beneficio
995 1654 1213 1722 ecclesiastico
1236 1677 1311 1720 cum
1333 1677 1413 1720 cura
1434 1652 1490 1718 vel
1512 1654 1578 1716 sine

388 1769 487 1825 cura·
510 1770 662 1825 consueto
684 1759 726 1825 ab
750 1759 825 1825 olim
848 1760 973 1825 clericis
995 1759 1195 1826 securioribus
1214 1762 1381 1847 assignari,
1406 1756 1577 1824 dnmmodo

387 1867 420 1930 in
443 1865 579 1931 ecclesia
602 1864 787 1930 kathedrali
809 1886 874 1931 non
897 1867 1023 1949 existat,
1048 1866 1139 1930 carius
1161 1864 1285 1930 frustm
1299 1863 1445 1930 redditus
1461 1873 1496 1928 et
1510 1883 1577 1949 pro·

387 1979 513 2055 ventus,
536 1972 564 2036 si
586 1993 660 2036 cum
683 1992 771 2054 cura,
795 1972 918 2056 viginti,
946 1972 972 2035 si
996 1992 1072 2035 vero
1096 1972 1164 2036 sine
1188 1993 1266 2036 cura
1288 1971 1385 2036 fuerit
1407 1967 1460 2035 vel
1484 1970 1512 2033 si
1534 1976 1576 2031 ta·

386 2085 500 2140 xatum
522 2097 586 2140 non
608 2074 715 2159 fuerit,
738 2074 918 2140 secundum
942 2074 1029 2161 quod
1053 2075 1094 2141 de
1116 2078 1185 2161 ipso
1207 2097 1265 2163 pro
1289 2075 1416 2141 decima
1437 2093 1575 2138 commu·

385 2183 469 2245 niter
500 2180 640 2266 persolvi
673 2182 850 2264 consuevit,
888 2179 1031 2245 valorem
1065 2202 1208 2246 annuum
1244 2203 1309 2246 non
1346 2178 1497 2262 excedat,
1535 2172 1575 2241 ad

386 2284 593 2351 collacionem
624 2284 677 2349 vel
709 2287 987 2371 presentacionem
1022 2284 1211 2351 dilectorum
1243 2285 1381 2351 filiorum
1414 2283 1574 2371 prepositi,

386 2389 503 2455 decani
533 2399 565 2454 et
595 2388 725 2475 capituli
754 2388 891 2455 ecclesie
918 2390 1119 2455 Pataviensis
1147 2391 1358 2456 communiter
1387 2391 1575 2476 pertinente,

386 2496 412 2559 si
435 2492 521 2580 quod
543 2497 577 2559 in
599 2495 730 2559 civitate
752 2493 806 2559 vel
827 2493 963 2581 dyocesi
984 2497 1164 2582 pataviensi
1186 2504 1283 2560 vacat
1304 2493 1347 2560 ad
1369 2515 1504 2581 presens
1526 2491 1574 2558 vel

386 2622 460 2664 cum
482 2601 659 2684 vacaverit,
682 2597 770 2687 quod
792 2598 879 2664 idem
902 2597 1037 2664 clericus
1059 2597 1143 2664 infra
1164 2602 1259 2665 unitus
1280 2600 1399 2665 mensis
1421 2600 1574 2686 spacium,

384 2714 554 2792 postquam
585 2703 647 2769 sibi
677 2704 719 2770 de
746 2706 845 2791 ipsius
868 2704 1019 2770 beneficii
1041 2708 1217 2771 vacacione
1240 2706 1425 2789 constiterit,
1448 2704 1574 2770 duxerit

385 2809 633 2896 acceptandum,
656 2811 845 2875 auctoritate
868 2820 978 2874 nostra
993 2809 1163 2896 providere
1178 2832 1332 2897 procures
1349 2810 1505 2875 inducens
1519 2830 1575 2895 per

384 2924 416 2979 te
440 2914 492 2980 vel
515 2914 613 2980 alium
636 2936 694 2979 seu
717 2912 795 2979 alios
819 2913 959 2979 eundem
979 2914 1131 2980 clericum
1145 2916 1179 2980 in
1194 2913 1392 3001 corporalem
1407 2913 1573 3001 possessio

384 3042 460 3084 nem
475 3018 658 3085 huiusmodi
675 3018 825 3083 beneficii
841 3030 874 3083 et
889 3018 1068 3084 defendens
1083 3017 1251 3085 inductum
1266 3042 1305 3084 ac
1327 3018 1449 3085 faciens
1471 3021 1573 3105 ipsum

384 3122 428 3188 ad
450 3122 540 3208 illud,
572 3126 702 3189 eciamsi
733 3126 940 3189 canonicatus
972 3133 1004 3189 et
1033 3122 1202 3210 prebenda
1223 3124 1329 3209 fuerit,
1353 3133 1388 3189 ut
1409 3133 1458 3190 est
1480 3123 1572 3189 moris

383 3226 510 3293 admitti
540 3227 665 3315 sibique
692 3228 734 3294 de
765 3230 864 3314 ipsius
887 3222 1036 3294 beneficii
1059 3227 1217 3294 fructibus
1239 3227 1419 3295 redditibus
1442 3249 1571 3315 proven·

384 3332 470 3397 tibus
503 3332 626 3398 iuribus
659 3343 691 3398 et
728 3332 982 3398 obvencionibus
1019 3334 1178 3399 universis
1215 3336 1340 3421 integre
1377 3332 1570 3421 responderi,

385 3436 636 3504 connadictores
670 3460 729 3524 per
759 3460 930 3504 censuram
961 3437 1213 3504 ecclesiasticam
1243 3438 1464 3526 appellacione
1494 3446 1569 3525 post·

382 3544 487 3629 posita
514 3542 750 3630 compescendo
777 3566 841 3609 non
865 3542 1078 3627 obstantibus,
1101 3546 1127 3609 si
1150 3544 1249 3631 aliqui
1271 3565 1369 3630 super
1391 3542 1569 3631 provisioni·

383 3646 445 3712 bus
467 3647 528 3712 sibi
550 3646 707 3714 faciendis
731 3647 771 3714 de
793 3647 978 3714 huiusmodi
1000 3648 1053 3713 vel
1075 3649 1145 3714 aliis
1168 3649 1334 3715 beneficiis
1350 3648 1569 3714 ecclesiasticis

382 3752 416 3816 in
446 3749 507 3816 illis
536 3751 681 3838 partibus
712 3752 868 3840 speciales
899 3752 952 3818 vel
974 3753 1144 3840 generales
1167 3753 1252 3819 dicte
1275 3752 1361 3819 sedis
1383 3754 1437 3820 vel
1458 3753 1568 3840 legato

382 3877 454 3920 rum
486 3857 553 3921 eius
586 3858 646 3923 sub
669 3879 875 3944 quacumque
898 3857 1072 3924 verborum
1095 3859 1198 3925 forma
1219 3859 1342 3925 litteras
1364 3860 1567 3946 impetrarint,

384 3961 515 4026 eciamsi
537 3984 596 4047 per
619 3984 674 4028 eas
696 3962 740 4027 ad
763 3962 992 4029 inhibicionem
1014 3966 1272 4030 reservacionem
1288 3974 1321 4030 et
1335 3964 1502 4030 decretum
1521 3958 1567 4027 vel

382 4065 462 4130 alias
492 4066 732 4152 quomodolibet
754 4070 795 4133 sit
817 4089 1015 4154 processum,
1038 4068 1156 4155 quibus
1178 4069 1325 4135 omnibus
1347 4080 1567 4156 praeterquam

381 4172 570 4237 auctoritate
593 4181 701 4237 nostra
723 4170 907 4238 huiusmodi
928 4171 1089 4238 beneficia
1112 4173 1358 4260 expectantibus
1380 4175 1414 4239 in
1430 4173 1566 4240 eiusdem

381 4272 531 4340 beneficii
564 4277 772 4342 assecucione
808 4275 930 4342 dictum
961 4276 1116 4344 clericum
1145 4277 1292 4344 volumus
1321 4277 1486 4365 anteferri,
1515 4274 1565 4343 sed

381 4379 504 4446 nullum
533 4404 592 4468 per
622 4379 683 4448 hoc
715 4385 761 4448 eis
792 4383 901 4470 quoad
923 4387 1166 4450 assecucionem
1187 4382 1419 4454 beneficiorum
1440 4387 1564 4451 aliorum

381 4483 595 4571 preiudicium
623 4490 774 4573 generari
805 4509 864 4552 seu
893 4491 920 4553 si
950 4487 1074 4555 eisdem
1103 4491 1265 4576 preposito
1290 4490 1414 4557 decano
1436 4502 1469 4558 et
1490 4490 1565 4578 oapi·

382 4708 446 4764 sse.
486 4722 499 4746 ·
516 4731 532 4762 r
550 4713 616 4764 tiber
633 4713 681 4764 ‹ier
698 4714 772 4766 Zeils
790 4715 997 4784 nachgetragsn.
