3400 5350
372 373 416 435 52

373 563 549 627 tinentibus
572 562 633 626 sub
657 561 742 626 beati
765 562 854 626 Petri
876 560 977 626 tutela
1008 571 1041 626 et
1069 571 1179 626 nostra
1205 563 1412 646 proteccione
1439 563 1568 649 suscipi·

374 690 447 732 mus
470 679 502 733 et
524 669 682 754 presentis
712 669 822 752 scripti
853 668 1030 753 patrocinio
1059 668 1292 731 communimus
1319 675 1505 752 statuentes,
1536 677 1569 731 ut

375 794 596 858 quascumque
627 773 844 857 possessiones
875 792 1079 857 quecumque
1108 771 1195 835 bona
1224 770 1340 835 eadem
1370 771 1508 836 ecclesia
1538 773 1568 835 iu

373 879 615 963 presenciarum
637 879 719 939 iuste
741 886 773 940 et
797 878 951 940 canonice
974 873 1118 961 possidet
1140 884 1197 939 aut
1218 877 1252 939 in
1273 875 1417 940 futurum
1440 897 1567 940 conces·

373 982 461 1046 sione
484 981 681 1067 pontificum,
704 981 880 1066 largicione
903 1003 1016 1067 regum
1040 980 1092 1043 vel
1108 981 1299 1065 principum,
1316 979 1476 1045 oblatione
1491 979 1568 1046 fide·

374 1084 451 1149 lium
475 1107 533 1149 seu
561 1085 629 1150 aliis
656 1087 746 1150 iustis
773 1085 871 1150 titulis
902 1084 963 1149 deo
986 1085 1127 1170 propicio
1157 1085 1274 1169 poterit
1302 1084 1446 1170 adipisci,
1476 1085 1569 1150 firma

373 1189 429 1254 tibi
453 1192 579 1275 tuisque
602 1189 843 1254 successoribus
867 1199 898 1254 et
919 1188 1041 1253 illibata
1062 1198 1284 1275 permaneant,
1308 1190 1424 1253 cusma
1439 1211 1567 1276 quoque

373 1295 479 1360 oleum
501 1296 937 1359 sanctumconsecraciones
960 1291 1108 1357 altarium
1132 1295 1200 1356 sive
1216 1292 1422 1358 basilicarum
1445 1293 1569 1358 ordina-

373 1400 475 1464 tiones
487 1401 591 1463 eciam
603 1397 843 1481 monachorum,
853 1400 908 1483 qui
920 1396 963 1461 ad
971 1419 1080 1462 sacros
1091 1396 1212 1483 gradus
1221 1397 1339 1461 fuerint
1347 1398 1568 1483 promovendi,

374 1527 394 1567 a
416 1501 587 1567 diocesano
603 1504 783 1587 suscipietis
798 1503 959 1587 episcopo,
977 1500 1135 1586 siquidem
1152 1500 1327 1565 catholicus
1342 1501 1438 1566 fuerit
1453 1512 1486 1566 et
1499 1523 1569 1586 gra·

374 1609 569 1692 clamatque
586 1609 830 1670 conmunionem
845 1605 1018 1692 apostolice
1040 1604 1126 1670 sedis
1142 1605 1293 1669 babuerit
1313 1627 1448 1691 eamque
1469 1609 1569 1692 gratis

374 1721 407 1775 et
418 1713 486 1775 sine
498 1713 657 1796 pravitate
670 1709 805 1774 voluerit
816 1709 981 1774 exhibere.
998 1709 1149 1795 Alioquin
1162 1709 1257 1774 liceat
1265 1709 1355 1774 vobis
1365 1709 1568 1795 catholicum,

374 1837 471 1901 quem
493 1814 677 1896 malueritis
701 1813 792 1878 adire
814 1816 987 1879 antistitem
1011 1823 1043 1877 et
1064 1813 1106 1878 ab
1130 1835 1167 1876 eo
1184 1824 1386 1877 sacramenta
1402 1836 1569 1878 consecra·

374 1922 520 1984 cionumb
543 1921 717 2004 suscipere,
741 1920 794 2004 qui
818 1928 927 1982 nostra
949 1917 1049 1982 fultus
1064 1919 1263 2001 auctoritate,
1279 1917 1365 2003 quod
1381 1917 1569 2002 postulatur,

374 2023 550 2110 indulgeat.
583 2023 670 2088 Sane
693 2022 890 2108 sepulturam
920 2021 1063 2086 eiusdem
1091 2022 1152 2086 loci
1180 2024 1307 2086 omnino
1335 2022 1470 2086 liberam
1500 2022 1569 2086 fore

374 2128 588 2211 decernimus,
613 2136 648 2191 ut
670 2149 791 2209 eorum,
814 2129 869 2212 qui
892 2148 926 2190 se
949 2125 1013 2190 illic
1036 2124 1163 2212 sepeliri
1186 2124 1445 2208 deliberaverint,
1471 2125 1567 2190 devo-

374 2233 457 2296 cioni
480 2241 512 2295 et
533 2241 679 2296 extreme
703 2229 868 2313 voluntati,
892 2232 952 2294 nisi
975 2230 1056 2295 forte
1073 2231 1344 2294 excommunicati
1367 2231 1439 2314 sint,
1463 2230 1569 2295 nullus

373 2336 516 2401 obsistat.
552 2336 668 2399 Laicos
691 2346 799 2400 autem
822 2357 881 2399 seu
904 2334 1037 2398 clericos
1066 2333 1227 2399 seculares
1255 2333 1298 2398 ad
1325 2337 1569 2400 conversionem

373 2442 536 2525 suscipere
560 2438 676 2503 nullius
699 2441 840 2525 episcopi
863 2438 916 2503 vel
939 2440 1092 2525 prepositi
1109 2437 1325 2502 contradiccio
1341 2461 1398 2502 vos
1413 2438 1568 2503 inhibeat.

373 2543 523 2610 Obeunte
546 2566 623 2608 vero
646 2555 678 2608 te
700 2567 786 2608 nuuc
809 2543 953 2609 eiusdem
977 2543 1036 2608 loci
1059 2542 1178 2608 abbate
1201 2552 1257 2608 aut
1278 2554 1405 2608 tuorum
1425 2543 1570 2629 quolibet

373 2670 596 2714 successorum
619 2647 724 2713 nullus
744 2648 789 2714 ibi
805 2648 947 2734 qualibet
963 2647 1184 2735 subrepcionis
1200 2649 1323 2713 astucia
1338 2670 1396 2713 seu
1410 2647 1570 2713 violencia

373 2764 579 2841 preponatur,
611 2755 671 2817 nisi
701 2775 798 2839 quem
827 2753 943 2817 fratres
974 2755 1134 2817 communi
1165 2773 1324 2817 consensu
1353 2753 1406 2816 vel
1434 2753 1571 2818 fratrum

372 2880 449 2944 pars
473 2857 594 2922 consilii
616 2859 750 2922 sanioris
773 2856 952 2922 secundum
976 2855 1028 2921 dei
1057 2860 1204 2921 timorem
1231 2868 1263 2921 et
1292 2856 1379 2921 beati
1401 2856 1572 2922 Benedicti

373 2962 519 3048 regulam
540 2961 741 3048 providerint
763 2961 957 3047 eligendum.
993 2962 1208 3025 Decernimus
1231 2983 1317 3046 ergo,
1342 2971 1378 3025 ut
1400 2960 1478 3025 nulli
1506 2983 1571 3026 om·

373 3070 447 3131 nino
470 3066 636 3130 hominum
660 3066 709 3130 fas
732 3067 859 3130 sitiam
883 3065 1005 3130 dictum
1035 3067 1264 3129 monasterium
1294 3075 1416 3129 temere
1447 3076 1571 3151 pertur-

372 3171 452 3235 bare
475 3179 531 3235 aut
555 3172 622 3233 eius
643 3172 861 3255 possessiones
876 3170 1035 3234 aufferree
1060 3169 1113 3233 vel
1128 3168 1254 3234 ablatas
1269 3171 1408 3234 retinere
1424 3172 1571 3235 minuere

373 3285 430 3339 aut
451 3276 629 3339 temerariis
651 3273 884 3338 vexacionibus
908 3274 1053 3358 fatigare,
1078 3273 1134 3338 sed
1158 3276 1264 3338 omnia
1291 3277 1417 3358 integra
1444 3295 1572 3338 conser-

376 3388 491 3443 ventur
514 3400 635 3461 eorum,
658 3399 716 3463 pro
740 3400 877 3463 quorum
907 3380 1143 3442 sustentacione
1174 3387 1207 3441 et
1232 3376 1466 3464 gubernatione
1497 3400 1572 3441 con·

374 3504 467 3546 cessa
489 3491 564 3547 sunt
588 3481 696 3546 usibus
720 3481 909 3546 omnimodis
936 3482 1102 3567 profutura
1129 3482 1218 3546 salvo
1244 3484 1279 3546 in
1305 3482 1453 3546 omnibus
1476 3482 1572 3546 Pata·

372 3587 492 3650 viensis
515 3586 657 3671 episcopi
681 3587 836 3648 canonica
858 3588 1058 3670 reverencia,
1082 3589 1134 3650 cui
1156 3595 1266 3649 tamen
1281 3606 1345 3649 non
1360 3585 1457 3650 liccat
1471 3608 1571 3649 vexa·

371 3691 491 3754 tionem
513 3688 654 3774 aliquam
678 3688 730 3752 vel
745 3689 1022 3775 consuetudinem,
1038 3713 1101 3776 que
1117 3690 1314 3775 regularium
1329 3691 1427 3775 quieti
1443 3700 1571 3772 noceat,

372 3796 526 3877 irrogare.
557 3792 628 3857 Nec
645 3795 748 3857 eciam
764 3793 871 3858 eidem
887 3795 1038 3880 episcopo
1053 3794 1105 3858 vel
1122 3794 1233 3858 abbati
1248 3803 1305 3858 aut
1319 3793 1415 3858 alicui
1430 3815 1572 3879 persone

373 3896 590 3961 ecclesiastice
614 3898 654 3961 sit
675 3897 813 3961 facultas
835 3900 936 3983 ipsius
953 3898 1079 3963 cenobii
1095 3898 1180 3963 bona
1195 3900 1228 3963 iu
1251 3897 1382 3963 feodum
1398 3920 1456 3962 scu
1472 3897 1571 3962 bene·

372 4003 482 4067 ficium
504 4003 572 4065 sine
596 4023 756 4066 consensu
778 4002 946 4067 meliorum
968 4003 1104 4068 fratrum
1127 4006 1273 4088 personis
1301 4002 1462 4089 aliquibus
1490 4003 1572 4068 dare

372 4117 427 4171 aut
449 4106 519 4170 aliis
541 4105 644 4170 modis
667 4105 817 4171 alienare.
853 4107 887 4173 Si
909 4129 974 4192 qua
996 4110 1092 4193 igitur
1114 4109 1146 4171 in
1170 4117 1334 4193 posterum
1349 4105 1573 4171 ecclesiastica

372 4209 570 4275 secularisve
592 4231 730 4294 persona
757 4210 852 4274 huius
882 4221 988 4275 nostre
1020 4213 1258 4276 constitucionis
1288 4220 1433 4275 tenorem
1464 4214 1572 4276 sciens

373 4324 485 4379 contra
507 4337 582 4379 eum
608 4323 730 4379 temere
759 4317 871 4379 venire
901 4318 1116 4402 temptaverit,
1148 4314 1291 4380 secundo
1320 4315 1466 4379 terciove
1497 4338 1573 4380 con·

374 4420 510 4501 monita,
551 4419 612 4483 nisi
650 4431 775 4484 reatum
814 4441 908 4484 suum
943 4441 1087 4505 congrua
1115 4419 1346 4485 emendacione
1380 4422 1573 4504 correxerit,

372 4641 420 4699 34·
480 4647 493 4680 l
511 4646 656 4713 Corrigiert
673 4663 721 4696 uus
738 4647 943 4698 cmuocraciouie.
963 4674 995 4683 -
1013 4656 1024 4681 ⁶
1043 4648 1073 4697 Β.
