3400 5350
369 340 433 405 776

369 531 454 598 dotio
477 533 693 615 coustitutum,
716 534 768 597 cui
791 531 833 597 de
857 531 1018 617 religionis
1040 530 1119 614 nelo,
1142 530 1320 596 litterarum
1335 532 1485 613 scientia,
1500 533 1553 593 vite

369 635 526 702 munditia
558 658 598 701 ac
631 658 755 702 morum
788 636 954 702 honestate
983 634 1118 721 aliisque
1147 634 1378 721 multiplicibus
1410 638 1554 701 virtuun

368 742 489 807 meritis
516 742 606 827 apud
631 763 690 806 nos
717 740 783 807 fide
805 740 905 828 digna
927 742 1109 807 testimonia
1130 739 1351 827 perhibentur,
1385 739 1555 805 direximus

369 844 478 911 oculos
506 855 615 911 nostre
645 848 771 928 mentis,
802 844 920 932 quibus
950 844 1098 910 omuibus
1121 843 1233 910 debita
1253 843 1469 910 meditatione
1490 866 1555 930 pen

369 952 445 1015 satis
468 949 510 1015 de
532 972 671 1036 persona
691 952 791 1036 ipsius
813 950 966 1015 Iohannis
989 948 1116 1015 abbatis
1138 948 1230 1014 nobis
1249 958 1283 1014 et
1298 947 1395 1013 dictis
1411 946 1555 1013 fratribus

369 1054 411 1119 ob
435 1052 592 1120 dictorum
615 1076 746 1120 suorum
768 1056 973 1140 exigenciam
995 1056 1181 1118 meritorum
1203 1063 1339 1138 accepta
1363 1052 1409 1118 de
1425 1054 1554 1138 ipsorum

369 1159 505 1224 fratrum
527 1158 658 1224 consilio
679 1158 825 1246 predicto
847 1160 1039 1224 monasterio
1059 1168 1167 1223 nostro
1181 1159 1374 1223 auctoritate
1390 1156 1555 1243 apostolica

369 1261 567 1349 providimus
588 1265 758 1348 ipsumque
780 1262 825 1327 illi
847 1263 1043 1349 prefecimus
1065 1264 1099 1327 in
1122 1261 1284 1346 abbatem,
1309 1266 1435 1327 'curam
1458 1271 1491 1327 et
1509 1259 1555 1325 ad

369 1368 634 1433 ministrationem
661 1369 761 1453 ipsius
790 1368 975 1433 monasterii
997 1366 1104 1432 eidem
1126 1366 1263 1433 Iohanni
1285 1365 1401 1431 abbati
1422 1369 1458 1431 in
1480 1367 1556 1452 spiri·

370 1470 508 1538 tualibus
531 1481 564 1536 et
584 1471 815 1558 temporalibus
837 1470 981 1557 plenarie
1004 1469 1233 1536 committendo
1248 1471 1342 1536 firma
1355 1493 1419 1557 spe
1436 1470 1555 1536 fiducia

370 1598 433 1663 que
449 1578 624 1663 conceptis,
639 1576 726 1663 quod
743 1575 900 1661 dirigente
916 1575 1044 1641 domino
1060 1584 1152 1641 actus
1168 1597 1243 1640 suos
1257 1575 1446 1661 predictum
1461 1596 1555 1640 mona·

371 1682 502 1746 sterium
524 1702 584 1768 per
602 1683 702 1767 ipsius
715 1680 869 1747 Iohannis
884 1680 1011 1746 abbatis
1027 1680 1190 1766 diligentie
1205 1679 1346 1746 studium
1361 1680 1555 1745 fluctuosum

371 1794 510 1871 regetur,
541 1785 660 1851 utiliter
685 1795 719 1851 et
739 1806 892 1872 prospere
915 1783 1072 1870 dirigetur
1093 1794 1250 1871 grataque
1272 1786 1433 1870 suscipiet
1454 1787 1486 1849 in
1507 1784 1554 1847 eia

372 1890 446 1955 dem
468 1890 685 1977 spiritualibus
708 1900 741 1955 et
762 1889 992 1976 temporalibus
1015 1892 1224 1955 incrementa.
1258 1888 1431 1955 Voluimns
1447 1896 1554 1967 autem,

371 1992 459 2080 quod
487 1997 521 2059 in
552 1994 665 2060 eodem
687 1996 880 2061 monasterio
902 2005 1010 2061 nostro
1033 1993 1143 2059 solitus
1165 1992 1399 2059 monachorum
1424 2003 1458 2058 et
1479 1992 1553 2057 mini

371 2108 509 2164 atrorum
538 2120 691 2165 uumerus
720 2098 902 2165 nullatenus
924 2100 1131 2164 minueretur.
1177 2097 1340 2179 Quocirca
1361 2098 1554 2163 discrecione

371 2212 479 2268 vestre
508 2225 567 2290 per
596 2203 771 2288 apostolica
799 2206 920 2289 scripta
946 2203 1148 2287 mandamus,
1178 2205 1327 2290 quatinus
1350 2202 1495 2268 eundem
1513 2199 1551 2266 Io

371 2307 512 2372 hannem
535 2306 687 2373 abbatem
709 2330 767 2394 pro
789 2317 899 2374 nostra
921 2317 954 2372 et
976 2307 1083 2373 dicte⁸
1106 2306 1192 2373 sedis
1214 2309 1400 2373 reverentia
1424 2307 1552 2391 benigne

371 2412 563 2496 recipientes
586 2421 619 2476 et
639 2410 814 2478 honorifice
837 2421 1071 2497 pertractantes
1091 2409 1272 2477 exhibeatis
1287 2410 1396 2477 eidem
1413 2408 1550 2476 obedien·

371 2517 448 2580 tiam
477 2525 511 2581 et
539 2518 755 2581 reverentiam
784 2515 927 2582 debitam
957 2526 990 2581 et
1013 2515 1163 2581 devotam
1185 2518 1254 2581 eius
1277 2515 1422 2582 salubria
1444 2513 1552 2580 monita

372 2628 404 2684 et
426 2619 578 2686 mandata
600 2620 804 2708 suscipiendo
827 2620 989 2686 humiliter
1008 2630 1041 2685 et
1055 2619 1233 2687 efficaciter
1248 2618 1467 2707 adimplendo,
1489 2616 1550 2683 alio

339 2733 342 2740 ’
371 2727 449 2812 quin
478 2729 680 2810 sententiam,
711 2749 809 2813 quam
830 2726 918 2791 idem
940 2725 1102 2792 Iohannes
1123 2725 1227 2792 abbas
1249 2729 1309 2792 rite
1331 2724 1442 2792 tulerit
1463 2727 1494 2789 in
1513 2741 1551 2785 re

371 2829 482 2916 belles,
510 2841 614 2897 ratam
635 2830 828 2897 habebimus
852 2841 884 2895 et
905 2830 1061 2896 faciemus
1088 2840 1220 2896 auctore
1243 2829 1371 2896 domino
1394 2822 1550 2916 usquead

371 2935 620 3001 satisfactionem
644 2935 837 3021 condignam
860 2934 1086 3001 inviolabiliter
1109 2934 1284 3001 observari.
1315 2935 1440 3000 Datum
1462 2933 1549 2998 Rome

369 3040 457 3126 apud
473 3041 629 3108 Sanctum
643 3041 774 3107 Petrum
790 3041 830 3107 V.
847 3040 1006 3107 kalendas
1027 3039 1220 3125 decembris,
1243 3040 1449 3127 pontificatus
1464 3034 1549 3104 nostri

370 3167 456 3210 anno
479 3155 603 3211 octavo.

414 3353 497 3421 860.
1117 3359 1201 3417 less
1216 3361 1375 3419 december
1390 3361 1420 3427 8.
1437 3361 1512 3418 lion.

371 3528 474 3611 Papat
500 3530 644 3614 Bonisas
673 3536 757 3613 trdpt
787 3531 858 3597 dem
883 3530 1016 3613 Propste
1041 3527 1171 3614 Geraaq
1200 3551 1261 3596 oon
1282 3530 1330 3597 St.
1349 3529 1462 3596 Poltea
1489 3525 1545 3606 aas,
1624 3581 1625 3584 η

371 3634 555 3718 diejenipcn,
571 3633 682 3701 welche
696 3636 755 3702 dua
766 3634 954 3718 Gdttweiper
965 3635 1118 3719 Stiftsput
1128 3635 1306 3719 scladdipea,
1317 3656 1390 3700 aum
1400 3632 1545 3701 saum·

781 3745 902 3805 mactae
922 3761 964 3806 aa
985 3738 1156 3805 verbalten.

475 3915 549 3983 Orig.
563 3912 617 3983 (A),
634 3916 712 3982 Perg.
737 3914 873 3968 Bleibulle
890 3931 925 3966 au
943 3914 1127 3980 Haufscbnnr3
1146 3914 1229 3982 copie
1245 3916 1276 3966 in
1293 3914 1393 3969 code
1411 3916 1430 3967 f.
1443 3914 1490 3966 ³1³
1501 3908 1542 3978 (B).

475 4020 531 4072 Auf
549 4019 610 4071 dem
632 4020 708 4086 Buge
729 4020 817 4071 rechts
839 4021 874 4071 ist
896 4035 949 4071 von
971 4019 1018 4070 der
1039 4019 1074 4070 Η.
1093 4020 1139 4071 des
1158 4019 1391 4072 Urlr.-Schreibers
1412 4016 1542 4072 vermerlrl:

372 4109 426 4158 Pro
439 4107 473 4158 N.
486 4107 517 4158 de
531 4107 681 4158 Panaetoli.
694 4106 726 4158 de
739 4107 835 4175 Ripta3
854 4107 926 4158 liuha
938 4113 1017 4158 unter
1028 4106 1088 4157 dem
1101 4106 1188 4173 Ruga:
1208 4106 1352 4170 doeusbrte,
1367 4106 1396 4160 S.
1408 4107 1440 4160 de
1451 4102 1543 4170 Aqrdlat

372 4194 487 4246 darflber
503 4194 551 4245 der
568 4195 804 4247 Koatenrermerlr:
824 4210 872 4258 ες
891 4194 1029 4246 darunter:
1048 4193 1085 4245 Io.
1103 4193 1136 4244 ds
1151 4194 1312 4246 emmae.
1339 4195 1395 4246 huf
1410 4195 1456 4246 der
1470 4188 1542 4243 autk-

371 4283 438 4333 seite
455 4284 484 4333 iu
502 4281 550 4334 der
567 4283 644 4333 Mitte
662 4282 709 4335 des
727 4284 826 4335 obereu
843 4281 963 4332 Raudoe:
983 4281 1019 4332 lo.
1033 4281 1158 4346 Swaakm
1177 4282 1206 4332 in
1223 4281 1271 4332 der
1289 4283 1380 4333 Mitte:
1404 4275 1543 4334 visan&
1624 4305 1625 4314 1

372 4376 517 4434 coequatur
531 4386 582 4434 pro
599 4372 751 4421 matario
771 4369 935 4434 Golwicenas'3
954 4369 1093 4420 darunter:
1112 4371 1220 4420 exeomic
1234 4372 1362 4435 prepositi
1377 4369 1415 4421 aa
1430 4369 1456 4422 S.
1472 4362 1540 4430 Ypoli

370 4463 424 4507 ban
445 4456 563 4508 mndata·
583 4459 721 4523 apostolici.
739 4484 772 4494 -
792 4457 847 4507 Der
868 4472 930 4507 vom
953 4457 1028 4523 Buge
1050 4456 1195 4508 verdeokte
1213 4457 1292 4508 Tbeil
1314 4457 1362 4509 der
1380 4453 1501 4509 Urlrunde
1515 4451 1541 4498 ist

371 4542 419 4593 der
440 4558 544 4610 gaunon
565 4545 656 4595 Breite
678 4545 748 4595 nach
770 4544 870 4596 radiert
891 4543 947 4594 und
970 4545 1041 4610 zeigt
1062 4543 1131 4595 noch
1154 4543 1273 4595 deutlich
1295 4545 1339 4596 die
1360 4545 1461 4612 Spuren
1480 4541 1539 4591 eina

372 4630 499 4681 fritheren
516 4631 723 4698 Beschreibuug.
