3400 5350
329 375 395 443 232

330 572 430 636 tarius
460 578 568 635 noster
597 568 679 635 lator
708 570 929 656 praesentium
959 571 1155 657 exquisierit,
1185 582 1423 657 promoventes,
1447 575 1526 660 quia

330 674 391 740 sub
422 674 569 739 defectus
598 684 771 761 praetextu
801 673 947 740 eiusdem
977 675 1108 761 quidam
1139 676 1340 742 collationem
1367 677 1527 743 ecelesiae

329 778 372 843 ad
402 801 573 866 personam
603 781 680 843 setis
709 781 932 865 incongruam,
961 788 1058 864 prout
1087 782 1282 867 accepimus,
1310 782 1439 847 trahere
1462 804 1529 847 ma·

330 883 513 950 chinantur.

431 1005 671 1072 Uebersohrift:
703 1004 852 1090 ,Abbatis
875 1006 1087 1072 Gotwioensis
1110 1005 1244 1092 epistola
1273 1006 1315 1072 ad
1340 1006 1528 1073 conradum

329 1110 610 1197 arehiepiscopum
633 1109 915 1196 Salisburgensem
938 1109 979 1174 de
1003 1110 1119 1175 eadem
1141 1113 1197 1177 re‘.

372 1373 451 1441 218.
1144 1374 1481 1457 [nonantulae]

326 1566 392 1631 Aht
420 1566 577 1631 Heinrich
598 1566 658 1632 IV.
681 1587 741 1630 von
771 1564 926 1649 Gittweip
955 1565 1078 1630 ennht
1111 1566 1171 1630 den
1201 1564 1341 1648 Birchof
1364 1566 1523 1631 Heinrich

326 1670 422 1735 Hans
451 1692 512 1736 oon
541 1671 680 1750 Levant,
710 1671 779 1735 sein
809 1668 996 1753 Bittpesnch
1024 1691 1080 1734 nm
1108 1670 1344 1753 Altersdispens
1373 1672 1429 1754 fiir
1459 1671 1522 1734 den

325 1796 385 1840 oon
413 1776 480 1841 ihm
505 1782 682 1840 ernonnten
704 1774 842 1858 Pfarrer
865 1775 1035 1839 Friedrich
1062 1796 1121 1839 oon
1143 1774 1303 1840 Petroneil
1330 1776 1410 1839 heim
1437 1774 1522 1840 Err-

467 1881 592 1963 hischos
606 1882 745 1945 Konrod
759 1880 783 1944 Ι
785 1880 820 1945 V.
844 1901 907 1944 oon
929 1879 1087 1962 Soirhnrp
1108 1901 1150 1944 cn
1171 1885 1396 1945 nntersthteen.

429 2055 492 2115 Pes,
510 2055 590 2106 Thea.
603 2055 723 2106 anecdot.
738 2052 823 2121 vnn,
844 2055 891 2103 181
912 2071 951 2104 nr.
965 2056 1007 2103 32.

428 2177 488 2243 vgl.
502 2194 542 2227 nr.
555 2178 703 2228 elo-217.

428 2334 511 2398 Tem
539 2334 641 2398 duleis
669 2342 701 2398 et
727 2342 793 2398 tam
816 2337 921 2397 amioe
944 2344 992 2397 est
1014 2331 1103 2418 apud
1126 2354 1237 2397 omnes
1260 2331 1366 2397 famae
1390 2342 1520 2397 vestras

326 2440 479 2521 suavitas,
506 2446 543 2502 ut
569 2459 627 2523 pro
655 2445 743 2502 certo
767 2440 906 2502 sciamus
933 2438 1021 2522 apud
1048 2459 1107 2503 vos
1134 2459 1263 2523 semper
1289 2436 1422 2502 odorem
1445 2458 1519 2502 oon-

324 2539 509 2607 solatorium
542 2544 689 2607 inveniri.
735 2542 899 2627 Rogamus
933 2544 1029 2628 igitur
1062 2544 1149 2607 omni
1183 2541 1288 2607 studio
1321 2552 1354 2606 et
1388 2541 1519 2626 affectu,

324 2655 483 2732 quatenus
510 2648 612 2712 virtus
639 2656 745 2713 vestre
773 2669 807 2712 se
836 2645 1020 2712 diffundens
1048 2646 1092 2711 ad
1119 2668 1231 2712 omnes
1254 2668 1311 2712 nos
1334 2647 1432 2711 etiam
1455 2645 1517 2710 sub

322 2751 466 2836 generali
498 2754 705 2817 universitate
735 2750 889 2833 includat,
922 2753 1006 2835 [ut]·
1036 2753 1205 2837 petitiones
1235 2760 1360 2816 nostras
1387 2772 1447 2837 per
1474 2750 1519 2814 di·

323 2856 442 2921 leotum
472 2859 631 2921 notarium
662 2866 806 2921 nostrum
838 2857 880 2920 H.
904 2859 1019 2920 vestris
1041 2856 1175 2921 auribus
1198 2855 1406 2920 inculcandas
1430 2852 1518 2940 apud

321 2961 538 3027 reverendum
569 2961 733 3026 domiuum
763 2960 1042 3052 arehiepiscopum
1072 2972 1104 3026 et
1134 2960 1370 3046 Salnpurgense
1398 2961 1518 3044 capitu-

322 3066 388 3130 lum
416 3066 457 3131 de
486 3066 684 3151 benignitate
711 3065 803 3129 solita
826 3066 973 3130 efficiatis
996 3076 1222 3151 promoventes
1245 3063 1405 3129 adiunctis
1427 3065 1518 3128 auxi·

321 3170 379 3250 liis,
404 3192 488 3256 quae
511 3180 577 3235 tam
600 3170 645 3234 ibi
668 3192 766 3256 quam
788 3168 865 3233 alibi
887 3181 1017 3235 nostrae
1032 3191 1152 3234 causae
1168 3172 1296 3234 omnino
1312 3170 1518 3234 necessariae

321 3283 473 3359 poterunt
494 3275 676 3360 suffragari.

424 3413 664 3479 Uebersohrift:
688 3412 791 3497 ‚Idem
813 3412 917 3477 abbas
940 3412 982 3477 ad
1006 3415 1190 3500 episcopum
1212 3412 1440 3495 Laventinum,
1464 3415 1517 3476 cui

321 3539 435 3604 preces
458 3540 533 3582 suas
557 3528 589 3583 et
611 3540 742 3582 oausam
764 3517 1040 3583 Petronellensem
1063 3517 1288 3584 commendet‘.

365 3780 445 3847 219.
1138 3779 1211 3862 [vor
1228 3780 1471 3862 normias]

319 3973 388 4039 Der
403 3972 708 4039 Niceten-Altoicher
722 3971 840 4038 Minch
855 3970 1024 4055 Woifponp
1047 3970 1179 4036 schreibt
1201 3971 1266 4036 Aht
1281 3970 1438 4035 Heinrich
1452 3970 1513 4036 11⁷.

319 4099 380 4144 ron
402 4078 567 4160 coroner,
591 4077 666 4143 deso
687 4098 721 4140 er
743 4077 809 4142 sich
830 4078 867 4140 in
889 4078 990 4141 scincr
1004 4075 1247 4159 Anpelepenheit
1270 4075 1350 4139 heinr
1365 4073 1516 4157 Bischosc

452 4203 512 4247 con
535 4181 664 4248 Passon
686 4182 754 4246 und
775 4181 858 4245 anch
879 4181 1077 4245 cndcrwrirts
1099 4180 1274 4245 rerroendct
1295 4179 1382 4244 hehe.

421 4361 484 4423 Pan,
502 4359 581 4410 Thes.
595 4358 715 4410 anecdot.
730 4356 816 4425 VIIII,
836 4359 884 4409 181
905 4373 944 4407 nr.
957 4359 999 4407 33.

422 4482 482 4547 Vgl.
496 4498 535 4532 nr.
549 4482 695 4532 elo-218.

318 4607 525 4614 ———-

317 4670 382 4725 218.
423 4684 435 4707 ¹
454 4674 529 4724 Naoh
548 4673 608 4723 dom
627 4672 709 4723 Sinna
728 4675 844 4737 erganzt.
