3400 5350
380 421 423 485 22

484 614 531 664 Als
550 614 728 665 Vorurlrunde
750 613 842 664 diente
865 613 925 664 dem
948 604 1098 675 Schreiber‚
1120 614 1237 666 welcber
1260 631 1312 665 von
1335 615 1395 665 dem
1418 614 1466 666 der
1488 632 1528 666 nr.
1543 619 1573 665 10

381 702 555 754 verschieden
573 704 617 764 ist,
634 718 673 752 nr.
687 704 711 753 5.
730 730 764 740 -
782 702 834 752 Die
852 716 950 768 engere
973 700 1155 768 Feststellung
1179 702 1225 752 des
1244 703 1356 754 Datums
1380 702 1446 752 wird
1464 708 1573 753 wesent·

381 791 435 840 lich
454 789 609 841 erleichtert
627 789 710 839 durch
728 789 772 839 die
789 788 902 855 Angabe
920 788 967 839 der
985 788 1171 839 Bedanischen
1189 789 1304 839 Indictio
1322 790 1370 850 IV,
1387 789 1513 839 wodurch
1534 790 1573 841 als

381 878 511 928 terminus
528 876 562 927 ad
580 892 658 941 quem
678 876 726 926 der
743 877 785 926 24.
797 876 955 940 September
974 877 1040 926 1096
1052 878 1175 941 gegeben
1193 878 1235 937 ist,
1254 893 1302 926 vor
1314 876 1434 926 walchen
1453 876 1497 926 die
1508 876 1573 927 Aus-

381 963 500 1030 stellung
523 963 610 1013 dieser
633 962 765 1013 Urlrunde
788 961 873 1013 fallen
895 979 975 1013 muse.
1011 962 1243 1013 Wabrscheiulich
1266 965 1302 1013 ist
1323 979 1360 1024 es,
1384 963 1444 1014 dass
1467 964 1576 1014 Bisebol

382 1053 476 1104 Ulrich
495 1053 516 1103 Ι.
530 1068 583 1101 von
601 1053 702 1101 Paesau
721 1048 843 1116 zuglelch
863 1051 912 1100 mit
930 1050 977 1101 der
995 1051 1171 1117 Restitigung
1193 1050 1241 1102 der
1258 1051 1387 1102 Dotatiou
1410 1051 1456 1101 des
1474 1050 1574 1111 Stiltes,

382 1141 410 1190 in
428 1139 546 1190 welcber
564 1139 607 1189 die
626 1138 738 1188 Psarren
762 1154 813 1188 nur
831 1137 995 1189 namentlich
1018 1138 1172 1203 autgefdbrt
1195 1138 1310 1199 werden,
1333 1138 1507 1204 vorliegende
1525 1139 1573 1189 Be·

382 1225 655 1294 stittigungsurlrunde
673 1225 721 1276 der
737 1225 850 1276 Plarren
869 1230 966 1276 sammt
982 1224 1060 1276 ibren
1079 1227 1201 1278 Grenren
1220 1224 1367 1276 anestellte.

484 1437 605 1501 Notum
629 1439 669 1501 sit
691 1437 815 1500 cunctis
838 1444 949 1515 sancte
973 1437 1082 1499 matris
1099 1433 1234 1511 ecclesie
1256 1434 1338 1518 filiis,
1362 1435 1499 1521 qualiter
1514 1456 1575 1519 ego

383 1519 555 1610 lld'alricus
578 1541 631 1607 dei
653 1544 757 1627 gratia
781 1540 983 1604 pataviensis
1011 1538 1147 1617 ecclesie
1175 1542 1343 1625 opiscopus
1366 1562 1477 1606 omnes
1505 1564 1574 1628 par-

381 1648 507 1714 rochias
524 1670 597 1711 cum
612 1646 786 1731 antiquitus
798 1644 931 1730 prefixis
943 1645 1086 1708 torminis
1099 1666 1220 1727 earum,
1233 1666 1315 1730 quas
1326 1645 1410 1722 bone
1422 1649 1575 1724 memorie

381 1752 576 1818 Altmannus
600 1752 770 1835 episcopus
785 1758 970 1813 antecessor
992 1770 1083 1813 meus
1106 1770 1204 1834 super
1226 1747 1326 1814 altare
1345 1760 1457 1829 sancte
1473 1750 1577 1827 Marie

381 1860 414 1922 in
440 1865 547 1921 monte
570 1855 790 1939 Kotewigensi
813 1852 976 1939 delegavit
997 1862 1030 1918 et
1052 1852 1269 1938 providendas
1297 1854 1450 1918 fratribus
1477 1857 1577 1940 ipsius

381 1961 442 2026 loci
465 1961 630 2044 commisit,
654 1959 695 2023 ob
719 1980 810 2044 spem
828 1959 1045 2023 retributionis
1068 1966 1177 2034 eterne
1200 1957 1419 2034 ecelesiastica
1440 1961 1575 2024 auctori·

382 2074 447 2130 tate
472 2065 659 2129 confirmavi
683 2072 715 2127 et
737 2085 778 2127 ne
802 2065 973 2148 quisquam
996 2084 1039 2126 ex
1062 2063 1108 2126 eis
1130 2061 1252 2147 aliquid
1275 2062 1450 2147 infringere
1465 2084 1575 2149 presu-

382 2176 449 2234 mat
470 2168 523 2233 vel
545 2170 736 2233 imminuere
759 2166 889 2250 audeat,
912 2166 1006 2252 sigilli
1028 2168 1091 2231 mei
1117 2169 1328 2251 impressione
1350 2169 1504 2253 signavi·
1522 2169 1576 2233 Hii

382 2295 460 2359 ergo
483 2282 557 2338 sunt
578 2273 706 2337 termini
728 2270 970 2357 parrochiarum
986 2270 1222 2355 Kotewigeusis
1245 2270 1379 2336 cenobii
1403 2271 1577 2338 Terminus

382 2377 551 2464 parrochie
581 2376 624 2442 ad
655 2377 811 2440 Mutarin:
835 2386 871 2440 de
894 2382 1062 2439 Gblebidorf
1074 2401 1125 2454 per
1141 2384 1278 2439 directum
1301 2385 1338 2439 ad
1353 2383 1519 2457 Tuirgidin,
1543 2387 1579 2440 de

382 2490 537 2563 Tuirgidin
560 2490 596 2544 ad
617 2487 775 2545 Obuofnrin
799 2489 828 2542 in
852 2489 960 2544 fontem
976 2487 1048 2542 inibi
1072 2494 1245 2559 manantem,
1265 2489 1333 2544 inde
1356 2494 1434 2544 recta
1456 2489 1505 2545 via
1528 2507 1578 2561 per

382 2594 557 2668 Eginindorf
569 2594 600 2648 in
616 2593 778 2664 Flaedniae,
795 2594 830 2648 de
842 2592 991 2647 Flaidniza
1003 2610 1094 2665 usque
1105 2592 1292 2663 Ticmindorf,
1309 2593 1376 2649 inde
1388 2595 1424 2648 ad
1440 2593 1577 2668 Scoingin

383 2718 473 2772 usque
488 2701 525 2755 ad
541 2700 638 2756 villam
654 2699 919 2770 Eklrebrebtesperc
935 2689 1054 2755 dictam
1066 2705 1096 2754 et
1110 2699 1151 2754 sic
1166 2717 1318 2771 perunum
1334 2701 1577 2756 curtemeiusdem

383 2805 483 2875 villule
499 2822 589 2876 usque
604 2804 774 2859 Karlistetin
795 2804 824 2857 in
845 2803 953 2859 fontem
974 2803 1032 2858 illic
1052 2821 1141 2875 prope
1160 2805 1369 2874 ascendentem,
1390 2805 1458 2860 inde
1478 2821 1578 2861 versus

383 2910 485 2966 silvam
500 2926 590 2980 usque
606 2909 643 2964 ad
655 2907 856 2979 Chircbpercb,
870 2909 905 2964 de
917 2906 1108 2979 Cbircbperge
1123 2908 1153 2961 in
1169 2908 1346 2980 Poginpacb‚
1363 2910 1398 2963 de
1407 2908 1577 2981 Poginpach

382 3016 412 3069 in
439 3014 594 3085 Fisilpach,
624 3015 659 3068 de
683 3012 827 3084 Fisilpacb
852 3013 882 3067 in
904 3012 1121 3085 Pigartinpach‚
1148 3012 1183 3066 de
1204 3012 1411 3085 Pigartinpach
1434 3031 1526 3085 usque
1549 3014 1577 3069 iu

383 3117 544 3191 Aebispacb
560 3124 589 3174 et
604 3119 639 3173 de
654 3115 817 3188 Achispach
832 3118 862 3170 in
879 3116 1047 3172 Danubium
1067 3117 1164 3187 sicque
1184 3135 1235 3188 per
1250 3116 1417 3172 Danubium
1433 3119 1577 3189 usquead

383 3223 541 3294 predictum
565 3222 694 3278 villulam
718 3219 895 3292 Oblebidori,
923 3221 999 3276 unde
1022 3221 1096 3276 idern
1120 3221 1257 3276 terminus
1281 3223 1401 3295 exurgit.
1429 3221 1578 3294 Capellam

383 3326 469 3381 etiam
485 3332 583 3395 sancte
599 3325 760 3397 Margarete
773 3326 809 3379 ud
822 3324 949 3380 Mdtarin
961 3343 1024 3380 cum
1040 3326 1106 3381 dote
1117 3327 1154 3380 ad
1167 3344 1229 3381 eam
1244 3327 1406 3397 pertinente
1417 3332 1446 3382 et
1458 3330 1578 3400 murale,

383 3430 460 3485 infra
485 3431 561 3501 quod
587 3429 699 3503 capella
725 3429 816 3484 sancti
843 3428 963 3502 Agapiti
991 3430 1121 3486 babetur.
1147 3421 1324 3499 Parrochie
1350 3425 1508 3488 terminus
1536 3424 1578 3489 ad

382 3524 565 3590 Mulibach:
596 3552 614 3588 a
636 3539 732 3605 ponte,
760 3534 810 3605 qui
834 3539 954 3589 vocatur
974 3533 1083 3589 Zdinza
1106 3552 1170 3588 cum
1186 3534 1296 3605 villula,
1317 3552 1373 3606 quc
1391 3537 1522 3606 proxima
1537 3543 1580 3592 est

382 3638 482 3694 straza
501 3638 625 3708 nomine,
642 3643 671 3692 et
690 3638 757 3692 inde
779 3639 927 3693 descendit
946 3655 1036 3709 usque
1055 3637 1256 3709 Gerrichestal,
1280 3640 1347 3694 inde
1367 3639 1508 3712 adriam,
1532 3641 1580 3695 cui

382 3761 486 3797 nomen
507 3748 549 3797 est
568 3741 822 3812 Plechuntirweeh,
844 3743 912 3797 inde
927 3741 1139 3812 Wirintindori‚
1160 3744 1227 3797 hinc
1245 3761 1263 3798 a
1281 3749 1364 3815 porta
1379 3743 1580 3802 Gnannelines

322 3908 324 3912 y
382 3845 1579 3920 praedialiberorumrectnlineausquePerhardessticb‚indeusqueTychmanues,

383 3953 418 4006 de
433 3951 500 4006 hine
515 3969 626 4007 rursum
641 3968 726 4022 super
741 3950 964 4023 Hablchispach,
980 3953 1015 4006 de
1030 3951 1243 4024 Habicbispach
1258 3954 1295 4007 ed
1314 3958 1429 4024 pontem
1445 3954 1579 4026 inprimis

383 4056 561 4112 nominatum
576 4055 695 4111 Zirinae.
726 4055 910 4112 Parrochiam
931 4057 968 4110 ad
987 4055 1095 4112 Naliub
1115 4074 1179 4111 cum
1199 4057 1319 4126 ecclesia
1340 4058 1376 4112 ad
1396 4057 1581 4114 Plaffendorf

383 4167 411 4217 et
427 4162 493 4217 dote
508 4160 662 4216 earundem
677 4161 860 4229 ecclesiarum
876 4166 905 4216 et
920 4161 1108 4216 decimatione
1120 4161 1251 4216 villarum
1267 4162 1303 4216 ad
1316 4162 1429 4217 easdem
1441 4164 1579 4232 ecclesias

382 4265 597 4338 pertinentium,
613 4282 685 4335 quas
697 4262 801 4320 nobilis
817 4264 862 4322 vir
876 4264 1053 4336 Wolflrerus,
1069 4272 1102 4321 ut
1117 4267 1178 4337 ipse
1193 4266 1230 4321 ab
1242 4266 1409 4337 episcopatu
1426 4266 1577 4336 habuerat,

383 4361 489 4426 cidem
505 4369 624 4425 cenobio
640 4369 758 4424 tradidit
773 4370 802 4424 in
818 4370 965 4441 proprium
981 4371 1026 4425 ius
1045 4387 1079 4426 ea
1094 4370 1267 4440 conditione,
1287 4377 1320 4426 ut
1335 4370 1372 4426 ab
1388 4372 1458 4442 ipsis
1480 4373 1511 4426 in
1531 4373 1578 4428 dei

383 4474 499 4529 servitio
515 4474 721 4546 provideantur
736 4480 765 4529 et
779 4473 900 4529 fratrum
920 4475 1039 4529 utilitati
1060 4476 1223 4531 nullatenus
1242 4475 1419 4531 auferantur.
1446 4476 1578 4532 Decima-

383 4578 490 4634 tionem
512 4596 626 4651 quoque
648 4580 684 4633 ad
707 4578 858 4651 Ertpurch‚
883 4591 980 4655 quam
1004 4570 1135 4654 Sigboto
1159 4570 1199 4635 de
1222 4570 1398 4636 Bornheim
1426 4574 1459 4636 ln
1486 4594 1577 4657 prae·

383 4675 487 4739 sentia
513 4674 765 4739 ministerialium
792 4696 937 4739 meorum
967 4674 1044 4740 mihi
1074 4675 1215 4742 reddidit
1244 4674 1350 4741 eidem
1379 4675 1449 4740 loco
1481 4698 1505 4741 s.
1524 4676 1576 4741 dei
