3400 5350
1286 427 1329 491 83

181 614 236 681 66.
901 622 984 680 1207
1009 618 1224 699 [1111111111
1239 619 1284 700 8].

141 806 258 892 Hersop
280 808 421 891 Laopold
448 810 503 876 VI.
520 810 666 894 causet
694 810 755 876 dea
777 809 1025 893 Sebiedasprucb
1053 811 1089 875 ia
1116 811 1186 875 dem
1212 810 1330 877 Streite

192 913 343 979 1111111111
364 914 454 980 Mello
474 915 543 980 aad
564 915 718 999 Gottweip
738 935 794 980 um
816 916 877 980 dea
898 914 1010 981 Beaita
1030 936 1072 980 aa
1093 914 1265 981 Materscb.

236 1106 312 1172 Orig.
324 1104 379 1174 (A),
397 1107 476 1173 Perg.
502 1107 670 1175 Mttnasiegel
688 1123 723 1159 an
746 1073 822 1160 einer
842 1112 947 1175 grttnen
965 1108 1175 1168 Seidenschnur3
1194 1106 1278 1174 Copia
1299 1108 1329 1157 in

139 1192 230 1244 Oodc
247 1193 265 1244 t.
280 1195 314 1244 63
334 1193 378 1260 (Β)
398 1210 424 1245 u.
438 1194 533 1246 abead.
546 1194 564 1244 f.
577 1196 628 1245 288
647 1194 700 1261 (0).

234 1316 341 1379 Karta,
359 1317 410 1366 286
429 1333 468 1367 nr.
481 1319 514 1366 22
533 1333 568 1368 zu
588 1319 663 1368 1207.

233 1437 278 1488 Da
298 1438 342 1489 die
366 1437 498 1489 Urkunde
520 1438 568 1490 der
585 1438 797 1490 Schiedsricbter
822 1441 852 1490 in
878 1438 923 1490 die
940 1439 1001 1490 Zeit
1021 1456 1075 1491 von
1097 1440 1218 1492 Februar
1236 1442 1269 1489 22
1286 1440 1329 1491 bis

136 1524 289 1590 September
307 1527 351 1588 23,
371 1525 517 1576 120711111
540 1524 591 1592 (nr.
605 1528 639 1576 64
656 1542 683 1576 ιι.
697 1525 743 1592 65)
766 1526 822 1576 und
844 1526 1032 1578 anaunebmen
1054 1529 1098 1589 ist,
1120 1527 1180 1578 dass
1202 1526 1330 1578 11181111

138 1611 265 1678 Gottweig
283 1612 341 1663 sich
361 1611 444 1664 beeilt
461 1611 516 1675 hat,
538 1613 596 1663 sich
619 1613 711 1663 diesen
729 1612 938 1679 Schiedssprnch
956 1630 1018 1664 vom
1036 1615 1159 1680 Herzoge
1178 1616 1328 1680 bestttigen

137 1713 167 1746 sn
183 1698 279 1762 lassen,
300 1715 328 1749 so
346 1699 419 1749 lrann
437 1698 510 1750 diese
529 1699 660 1751 Urkunde
678 1700 746 1751 nocb
765 1702 794 1751 in
813 1700 860 1751 das
878 1701 947 1751 Jahr
960 1703 1026 1751 1207
1044 1701 1114 1752 nach
1126 1702 1231 1752 Jfinner
1243 1703 1259 1751 8
1272 1703 1328 1752 ein·

136 1785 235 1848 garaiht
252 1786 369 1836 werden.
389 1813 421 1824 -
440 1786 522 1837 Disse
540 1803 580 1837 nr.
599 1787 667 1838 fehlt
684 1788 729 1839 bei
747 1787 863 1852 Meiller,
881 1788 1079 1853 Babenb.·1teg.

232 1959 248 2044 ξ
269 1957 313 2022 In
335 1959 465 2023 nomine
487 1968 598 2025 sancte
622 1968 655 2024 11
676 1959 844 2024 individue
874 1962 1034 2045 trinitatis,
1062 1961 1241 2047 Liupoldus
1275 1961 1328 2027 dei

137 2063 241 2146 gracia
264 2061 337 2126 dux
359 2061 490 2128 Austris
514 2072 546 2128 11
576 2063 671 2130 Stirie
702 2062 849 2129 omnibus
881 2064 1000 2130 Christi
1029 2065 1180 2131 fidelibus
1214 2068 1327 2152 imper-

135 2176 270 2251 petuum.
297 2168 313 2254 1
356 2167 407 2232 Ea
429 2169 612 2254 principum
635 2168 733 2234 debet
756 2192 827 2234 esse
850 2170 1080 2252 munificentia,
1104 2180 1140 2235 ut
1160 2193 1219 2257 pro
1243 2180 1327 2235 statu

137 2270 344 2350 ecclesiarum
366 2274 419 2357 pia
435 2271 666 2339 deliberatione
689 2284 953 2339 commoveantur
968 2274 1130 2359 videlicet,
1153 2285 1189 2339 ut
1204 2297 1327 2361 posses·

132 2377 230 2440 siones
252 2376 401 2454 ecclesiis
423 2375 576 2442 divinitus
599 2378 731 2444 collatas
755 2401 819 2444 non
843 2380 946 2445 solum
970 2379 1148 2445 defendere
1173 2379 1326 2445 studeant

135 2478 311 2547 sedetiam
336 2481 408 2547 lites
439 2483 474 2547 in
501 2482 645 2558 ecclesiis
675 2491 761 2547 ortas
791 2483 1024 2549 rationabiliter
1053 2482 1270 2548 determinare
1297 2493 1329 2548 et

134 2606 324 2670 componere
346 2585 518 2672 diligenter
539 2586 716 2652 intendant.
752 2586 958 2674 Quapropter
984 2588 1072 2652 litem
1099 2588 1237 2653 duorum
1263 2609 1327 2652 mo·

133 2693 343 2757 posteriorum
364 2691 603 2756 Medilicensis⁸
626 2701 659 2757 et
674 2692 887 2758 Gotwicensis
909 2716 967 2779 pro
991 2692 1185 2779 quibusdam
1204 2715 1327 2779 posses·

134 2793 269 2860 sionibus
292 2797 328 2861 in
350 2796 438 2881 villa,
462 2818 526 2883 que
553 2795 671 2861 dicitur
693 2797 784 2881 Mire,
809 2806 955 2862 exortam
986 2797 1141 2881 religiosis
1164 2799 1242 2862 viris
1272 2794 1326 2861 ab·

136 2897 257 2965 batibus
289 2900 331 2965 de
355 2899 476 2967 Sancta
502 2900 607 2967 Oruce
630 2901 815 2967 Wernhero
845 2912 878 2966 11
907 2901 949 2966 de
971 2901 1094 2966 Zwetel
1124 2900 1262 2967 Richero
1294 2910 1326 2966 et

133 3008 297 3091 prepositis
322 3004 364 3070 de
387 3005 482 3070 domo
505 3005 616 3072 Sancti
638 3006 758 3092 Ypoliti
782 3006 961 3091 Sigabardo
985 3006 1268 3093 archipresbytero
1292 3016 1326 3071 et

136 3108 237 3175 Sancti
280 3109 426 3175 Floriani
468 3107 588 3175 Ottone
628 3112 844 3175 transactione
879 3109 1158 3175 determinandam
1191 3109 1325 3195 dignum

136 3210 283 3279 duximus
307 3216 518 3298 committere,
534 3224 570 3280 ut
584 3217 646 3301 ipsi
660 3216 828 3301 utriusque
843 3216 944 3301 partis
959 3214 1204 3299 allegationibus
1219 3217 1325 3300 cogni-

134 3318 168 3379 tis
182 3328 213 3382 et
226 3317 473 3404 privilegiorum
496 3320 618 3384 ratione
642 3318 824 3406 diligentius
848 3318 1053 3384 considerata
1075 3319 1121 3384 liti
1144 3317 1323 3384 secundum

136 3425 291 3508 cognitam
321 3426 370 3487 rei
400 3425 569 3488 veritatem
600 3423 698 3488 finem
728 3426 939 3510 imponerent.
974 3423 1074 3489 Cuius
1101 3425 1325 3488 transactionis

134 3525 240 3592 modus
271 3527 346 3592 talis
369 3527 442 3592 luit:
474 3527 561 3614 quod
583 3527 686 3593 abbas
703 3528 951 3594 Gotwioenssis⁸
974 3527 1111 3594 domnus
1133 3527 1260 3594 Wezilo
1283 3527 1324 3592 de

134 3633 312 3697 coniventia
335 3634 384 3696 sui
408 3632 538 3718 capituli
561 3632 603 3697 de
625 3634 757 3718 triginta
778 3632 868 3698 libris
891 3642 1018 3698 monete
1034 3634 1242 3699 Wiennensis
1269 3631 1324 3697 ab·

134 3730 235 3801 batem
264 3735 511 3801 Medilicensem
542 3735 694 3802 videlicet
723 3736 906 3802 Renoldum
933 3759 1083 3802 securum
1112 3736 1256 3801 reddidit
1293 3747 1325 3801 11

133 3836 230 3905 abbas
248 3839 470 3905 Medilicensis
493 3841 535 3905 de
559 3863 719 3906 consensu
741 3840 887 3906 eiusdem
903 3841 1034 3927 capituli
1049 3840 1095 3906 liti
1109 3842 1250 3907 totaliter
1264 3864 1325 3928 per

135 3943 418 4011 exfestucationem
449 3945 696 4012 abrenuntiavit.
743 3946 793 4011 Ne
825 3968 902 4031 ergo
936 3947 1155 4032 inposterumb
1186 3946 1227 4011 de
1257 3955 1324 4011 tarn

134 4049 311 4114 rationabili
335 4052 563 4137 compositione
586 4051 694 4137 aliqua
724 4053 824 4137 possit
854 4051 929 4115 oriri
960 4052 1189 4134 controversia,
1219 4054 1323 4136 ipsam

134 4156 379 4219 transactionem
400 4157 608 4241 inscriptione
630 4157 789 4241 presentis
815 4159 935 4241 pagine
956 4154 1147 4219 roboramus
1170 4164 1203 4220 et
1229 4154 1323 4240 sigilli

132 4261 225 4321 nostri
246 4260 459 4344 impressione
483 4259 720 4325 confirmamus.
751 4260 990 4325 Interfuerunt⁰
1014 4269 1122 4325 autern
1137 4258 1213 4323 buic
1234 4259 1321 4324 facto

135 4359 267 4447 religiosi
290 4365 353 4428 viri
375 4363 510 4429 abbates
534 4364 575 4429 de
591 4364 711 4430 Sancta
726 4364 832 4431 Oruce
856 4363 993 4428 domnus
1008 4363 1210 4429 Wernherus
1233 4373 1265 4427 ct
1281 4364 1323 4429 de

135 4464 251 4532 Zwetel
273 4466 436 4534 Richerus
458 4478 491 4534 et
514 4468 554 4534 de
578 4469 768 4536 Aldenburc
790 4468 1004 4551 Adalbertus3
1028 4477 1061 4533 et
1082 4469 1253 4554 prepositi:
1278 4470 1323 4536 Si·

136 4704 179 4760 61,
235 4723 248 4747 ·
265 4714 298 4763 Δ.
312 4740 348 4750 -
365 4714 378 4747 b
395 4730 413 4764 a
429 4730 477 4765 aus
494 4733 513 4765 a
531 4717 675 4782 corrigiert.
696 4743 725 4753 -
746 4726 757 4749 0
776 4716 935 4766 Theilweise
953 4716 1002 4766 auf
1017 4715 1111 4766 Rasur.

1133 4803 1167 4851 6*
