3400 5350
1318 409 1380 475 801

189 650 1281 666 ..................................
1312 624 1381 667 ame

189 727 267 770 cura
290 705 373 769 foret
394 726 452 769 seu
473 703 579 768 forent
602 704 717 770 decem
740 715 772 769 et
795 714 867 770 octo
890 704 1095 770 marcharum
1118 708 1244 791 argenti
1271 728 1381 771 secun·

189 810 266 875 dum
295 830 497 873 communem
526 810 766 874 extimationem
789 809 934 874 valorem
956 832 1100 875 annuum
1122 832 1186 875 non
1211 861 1218 874 .
1244 861 1251 874 .
1276 860 1283 873 .
1309 860 1316 874 .
1339 861 1348 879 ,.
1374 861 1381 874 .

187 1001 294 1066 fratris
325 1003 455 1066 nostri.
481 1051 488 1064 .
512 1004 654 1088 episcopi
677 1002 878 1066 Pataviensis
909 1010 942 1065 et
964 1000 1155 1066 dilectorum
1177 1000 1315 1066 liliorum
1342 1053 1348 1067 .
1374 1053 1381 1066 .

187 1108 371 1191 prepositi.
396 1157 416 1190 .,
447 1105 562 1171 decani
593 1115 625 1170 et
655 1105 785 1191 capituli
813 1105 1078 1192 singulorumque
1102 1107 1329 1171 canonicorum
1352 1114 1383 1170 et

186 1231 399 1295 personarum
429 1234 446 1276 e
479 1262 486 1274 .
517 1262 524 1275 .
555 1259 1382 1276 ..........................

189 1365 490 1381 ..........
514 1326 564 1380 tus
596 1324 628 1380 et
658 1314 826 1401 prebenda
849 1314 987 1381 ecclesie
1010 1314 1206 1380 cathedralis
1229 1337 1294 1379 non
1317 1318 1382 1380 exi·

187 1428 295 1504 steret,
326 1421 353 1483 si
381 1419 468 1505 quod
490 1418 544 1484 vel
565 1421 592 1484 si
615 1442 679 1507 qua
701 1419 842 1485 vacabat
865 1442 923 1484 seu
946 1419 1110 1484 vacabant
1133 1428 1210 1483 tunc
1232 1419 1286 1484 vel
1309 1441 1383 1484 cum

188 1532 321 1588 vacaret
350 1534 407 1588 aut
437 1526 497 1589 sim
526 1573 1381 1589 ...........................

189 1678 489 1693 ..........
515 1630 721 1693 constitutum
750 1628 835 1693 infra
865 1630 959 1693 unius
987 1630 1106 1692 mensis
1129 1631 1277 1713 spatium,
1300 1637 1382 1713 post·

188 1755 285 1819 quam
308 1733 368 1797 sibi
391 1733 443 1797 vel
466 1732 573 1797 eidem
595 1735 794 1819 procuratori
817 1734 950 1798 vacacio
973 1732 1055 1797 illius
1077 1730 1131 1797 vel
1152 1731 1276 1797 illorum
1297 1734 1382 1796 inno·

188 1846 334 1922 lassaret,
366 1837 488 1902 ducere
520 1890 526 1902 .
558 1887 1381 1903 ..........................

190 1995 195 2007 .
222 1995 229 2008 .
255 1995 261 2007 .
286 1941 371 2009 modi
402 1965 476 2008 cum
507 1943 655 2008 omnibns
684 1943 808 2008 iuribus
840 1953 872 2007 et
902 1944 1102 2028 pertinentiis
1132 1944 1197 2006 suis
1220 1941 1383 2006 donationi

188 2048 360 2133 apostolice
391 2051 628 2113 reservavimus
658 2047 831 2112 districtius
861 2045 1044 2111 inhibentes
1074 2045 1198 2111 eisdem
1231 2048 1382 2133 episcopo

188 2258 284 2321 etiam
314 2268 389 2321 ante
416 2260 671 2343 acceptationem
693 2255 832 2323 eandem
855 2258 927 2338 nisi,
949 2266 1121 2341 postquam
1143 2257 1189 2320 eis
1212 2265 1381 2337 constaret,

188 2361 275 2448 quod
297 2360 448 2427 Andreas
478 2361 531 2427 vel
558 2371 747 2447 procurator
773 2360 913 2448 predicti
934 2359 1016 2424 illud
1038 2359 1090 2425 vel
1112 2358 1168 2425 illa
1189 2359 1286 2426 nollet
1309 2411 1316 2425 .
1342 2411 1348 2425 .
1374 2411 1381 2424 .

192 2516 1216 2532 ...............................
1250 2517 1256 2529 .
1288 2486 1382 2530 secus

188 2594 286 2657 super
308 2572 368 2635 hiis
389 2595 409 2635 a
432 2593 594 2657 quoquam
616 2573 730 2657 quavis
753 2573 943 2636 auctoritate
966 2572 1105 2634 scienter
1128 2570 1179 2635 vel
1195 2573 1382 2655 ignoranter

191 2677 390 2759 contingeret
419 2679 610 2763 attemptari.
655 2677 728 2743 Non
752 2674 954 2742 obstantibus
976 2697 991 2739 s
1016 2725 1380 2743 ............

836 2834 875 2847 ..
934 2780 1382 2846 ...........tibus

190 2884 339 2969 spetiales
369 2885 422 2948 vel
452 2885 620 2971 generales
651 2887 825 2971 apostolice
857 2886 942 2952 sedis
967 2886 1019 2951 vel
1042 2885 1221 2970 legatorum
1244 2887 1311 2950 eius
1333 2884 1382 2949 lit·

189 2998 275 3053 teras
304 2990 557 3075 impetraverint,
589 2992 712 3056 etiamsi
742 3013 801 3078 per
823 3013 879 3056 eas
902 2991 946 3056 ad
968 2990 1252 3074 inhib[ibi]tionem
1277 3042 1283 3054 .
1309 3041 1314 3054 .
1341 3041 1347 3054 .
1374 3041 1381 3054 .

188 3202 376 3264 auctoritate
410 3210 519 3264 nostra
551 3200 734 3265 huiuamodi
767 3201 928 3266 beneficia
961 3201 1209 3286 expectantibus
1242 3199 1382 3264 eundem

188 3303 357 3370 Andream
382 3306 414 3369 in
438 3305 621 3370 huiusmodi
643 3304 795 3371 beneficii
818 3328 876 3371 seu
899 3306 1131 3372 beneficiorum
1153 3305 1382 3389 assec[utione]

189 3564 424 3580 ........
454 3513 668 3601 preiudicium
701 3519 861 3601 generari.
907 3517 973 3583 Seu
1007 3520 1033 3581 si
1067 3516 1200 3602 prefatis
1230 3519 1382 3603 episcopo

186 3621 346 3705 preposito
377 3619 501 3684 decano
528 3620 667 3707 capitulo
698 3623 861 3686 canonicis
892 3632 925 3687 et
953 3625 1098 3709 personis
1129 3621 1181 3687 vel
1210 3621 1379 3708 quibusvis

188 3722 257 3787 aliis
286 3775 293 3787 .
324 3775 1380 3791 .................................

188 3879 487 3894 ..........
516 3831 675 3913 [mi]nime
703 3840 854 3895 tenentur
877 3830 975 3896 etad
998 3831 1031 3896 id
1054 3830 1202 3918 compelli
1225 3852 1290 3896 non
1313 3853 1381 3917 pos·

187 3933 258 4015 sint,
288 3932 439 4019 quodque
463 3933 505 3997 de
528 3933 710 3999 huiusmodi
733 3934 786 3999 vel
809 3935 879 3999 aliis
902 3934 1069 4001 beneficiis
1091 3935 1316 4001 ecclesiasticis
1339 3935 1381 4001 ad

186 4057 298 4101 eorum
321 4037 522 4103 collationem
546 4061 567 4125 p
592 4089 1380 4107 .........................

187 4297 389 4312 .......
413 4247 491 4313 nulli
520 4247 630 4314 valeat
659 4248 825 4335 provideri
854 4272 914 4335 per
943 4250 1065 4316 litteras
1095 4250 1286 4337 apostolicas
1316 4271 1381 4315 non

186 4349 340 4416 iacientes
368 4350 496 4437 plenam
525 4362 558 4417 et
580 4374 771 4439 expressam
793 4376 833 4417 ac
856 4352 899 4418 de
922 4353 1023 4419 verbo
1047 4354 1090 4420 ad
1113 4354 1250 4421 verbum
1273 4354 1314 4420 de
1336 4356 1381 4419 in·

187 4452 274 4519 dulto
303 4455 485 4521 huiusmodi
518 4509 524 4521 .
556 4508 1380 4525 ..........................

186 4609 878 4628 ......................
904 4564 1030 4647 existat,
1062 4585 1243 4650 perquam
1265 4566 1381 4629 nostris

183 4661 295 4728 litteris
318 4686 382 4730 non
405 4688 595 4752 expressam
618 4667 670 4732 vel
693 4667 832 4733 totaliter
856 4690 920 4732 non
942 4670 1097 4739 insertam
1119 4669 1253 4735 effectus
1276 4669 1381 4736 buius·

236 4775 343 4819 Fontes.
362 4777 392 4819 11.
403 4776 468 4822 sbti.
487 4777 526 4821 Μ.
536 4778 572 4820 nl.
1192 4778 1223 4824 ol
