3400 5350
1256 409 1317 474 731

129 598 298 667 Benedicti
331 599 534 666 Pataviensis
569 598 706 666 diocesis
740 599 877 667 salutem
914 611 947 666 et
981 600 1189 687 apostolicam
1226 599 1322 667 bene·

131 703 312 769 dictionem.
337 703 420 769 Oum
442 727 463 767 a
485 702 579 770 nobis
602 707 730 791 petitur,
753 704 863 792 quod·
884 707 1001 771 iustum
1025 714 1074 772 est
1095 714 1128 771 et
1141 705 1322 789 honestum,

130 818 197 874 tam
226 809 319 894 vigor
349 811 499 895 equitatis
530 831 629 895 quam
659 812 762 876 eciam
791 809 870 876 ordo
901 811 1003 897 exigit
1031 812 1173 895 rationis,
1203 820 1239 875 ut
1266 808 1323 875 idl

131 922 261 999 propter
283 912 540 979 solicitudinem⁶
563 914 660 980 officii
682 916 781 980 nostri
796 913 840 979 ad
856 912 1000 981 debitum
1016 914 1215 1002 perducatur
1230 915 1322 980 effac·

130 1017 230 1081 tum.l
267 1016 450 1104 Eapropter
472 1016 580 1084 dilecti
602 1021 635 1084 in
659 1018 789 1085 domino
811 1019 869 1084 filii
891 1021 1007 1084 vestris
1029 1021 1120 1084 iustis
1142 1017 1323 1106 postulatio·

131 1121 225 1187 nibus
255 1132 347 1208 grato
378 1132 606 1189 concurrentes
634 1146 768 1190 assensu
790 1146 944 1210 personas
967 1133 1091 1190 vestras
1114 1133 1147 1191 et
1167 1134 1323 1189 monaste·

131 1228 225 1310 rium,
259 1229 292 1291 in
326 1249 389 1313 quo
423 1225 532 1294 divino
562 1230 638 1293 estis
668 1228 823 1315 obsequio
853 1230 1037 1315 mancipati,
1071 1251 1147 1293 cum
1176 1225 1324 1297 omnibus

133 1330 234 1415 bonis,
266 1354 329 1418 que
352 1334 580 1418 impresentia⁰
604 1333 835 1399 rationabiliter
856 1332 1025 1419 possidetis
1048 1334 1158 1398 autin
1181 1334 1324 1398 futurum

131 1437 221 1501 iustis
243 1435 347 1502 modis
370 1446 536 1524 prestante
560 1436 688 1504 domino
709 1440 853 1524 poteritis
868 1437 1014 1529 adipisci,
1038 1438 1099 1503 sub
1114 1437 1219 1504 beati¹
1236 1438 1325 1505 Petri
1431 1500 1432 1503 ,

131 1545 329 1629 protectione
364 1544 555 1628 suscipimus
588 1553 686 1629 atque
719 1553 837 1626 nostra,
872 1543 1055 1629 specialiter
1083 1552 1191 1609 autem
1221 1550 1325 1607 terras

132 1645 275 1711 decimas
307 1645 418 1712 domos
445 1649 663 1732 possessiones
684 1649 797 1712 vineas
819 1656 923 1713 terras
945 1657 1039 1734 prata
1061 1668 1184 1733 pascua
1207 1658 1240 1713 et
1260 1646 1325 1712 alia

133 1750 217 1817 bona
247 1761 366 1834 vestra,
397 1753 479 1817 sicut
508 1774 548 1816 ea
578 1752 715 1837 pacifice
746 1752 906 1836 obtinetis,
936 1751 1030 1818 vobis
1056 1774 1116 1838 per
1137 1774 1196 1817 vos
1219 1750 1325 1819 eidem

132 1858 325 1922 monasterio
354 1866 463 1923 vestro
494 1859 683 1923 auctoritate
713 1857 888 1944 apostolica
918 1858 1166 1925 confirmamus‘
1197 1866 1230 1922 et
1254 1879 1325 1944 pre·

133 1962 231 2026 sentis
254 1962 365 2046 scripti
387 1962 564 2048 patrocinio
587 1963 821 2027 communimus
843 1961 935 2028 salva
957 1964 989 2027 in
1011 1960 1165 2049 predictis
1192 1960 1325 2027 decimis

133 2066 352 2133 moderatione
373 2065 499 2131 concilii
513 2065 683 2152 generalis.
713 2066 802 2133 Nulli
816 2089 894 2152 ergo
909 2070 1037 2133 omnino
1053 2066 1217 2133 hominum
1231 2065 1327 2133 liceat

133 2170 218 2236 hanc
247 2172 400 2257 paginam
434 2179 542 2236 nostre
572 2173 777 2257 protectionis
807 2182 839 2236 et
869 2172 1119 2237 confirmationis
1148 2171 1326 2257 infringere

133 2274 186 2339 vel
209 2278 238 2341 ei
261 2297 343 2341 ausu
364 2278 537 2342 temerario
559 2277 726 2341 contraire.
769 2276 804 2343 si
826 2279 898 2362 quis
920 2286 1028 2343 autem
1052 2275 1113 2343 hoc
1134 2285 1326 2361 attemptare

134 2381 374 2466 presumpserit,
397 2379 652 2466 indignationem
675 2382 898 2467 omnipotentis
922 2379 974 2445 dei
997 2390 1030 2446 et
1051 2380 1221 2447 beatorum
1240 2379 1328 2445 Petri

134 2494 166 2549 et
180 2484 273 2549 Pauli
294 2484 509 2571 apostolorum
532 2487 601 2551 eius
623 2508 658 2551 se
681 2487 808 2553 noverit
822 2487 1057 2551 incursurum.¹¹
1087 2486 1209 2551 Datum
1226 2485 1327 2550 Rome

134 2587 222 2675 apud
244 2588 400 2655 Sanctum
422 2589 555 2653 Petrum
577 2589 688 2655 XVII.
704 2587 864 2655 kalendas
887 2590 972 2675 maii,
1002 2580 1205 2677 pontificatus
1228 2590 1328 2653 nostri

134 2716 219 2760 anno
241 2716 352 2781 pruno.

177 2903 254 2972 814.
1056 2910 1139 2967 1390
1154 2911 1216 2968 Juli
1234 2909 1284 2966 12.

238 3077 334 3146 Peter
367 3080 423 3146 der
455 3079 649 3162 alaspach
680 3081 749 3145 aad
781 3080 882 3145 Anna
914 3080 999 3144 aeine
1031 3078 1126 3144 Frca
1157 3078 1330 3161 termulen

135 3184 247 3249 Andre
275 3184 346 3248 dem
369 3184 518 3268 deleiu,
542 3184 680 3267 Psarrer
711 3183 791 3249 daca
818 3205 917 3249 unser
943 3187 1054 3248 vratn
1078 3184 1137 3248 auf
1155 3183 1215 3248 der
1239 3182 1329 3249 cell¹

135 3288 172 3352 ia
193 3288 263 3353 dean
285 3288 458 3371 Haupact,
480 3310 535 3354 um
558 3295 599 3355 11
616 3288 654 3353 dl.
672 3288 798 3354 Wiener
814 3296 855 3354 at.
880 3289 949 3354 eine
968 3288 1138 3371 freieipena
1152 3284 1249 3353 Gallie
1269 3308 1330 3352 von

135 3392 176 3472 ¹l2
195 3391 234 3456 a.
259 3401 300 3458 o.
327 3393 393 3476 auf
416 3395 516 3459 daem
546 3393 659 3459 halbero
686 3394 771 3476 Hofe
804 3393 973 3458 oehamtes
1001 3391 1101 3458 eote
1132 3393 1178 3456 im
1211 3390 1329 3456 Pasca-

133 3496 275 3579 9raben²
297 3499 333 3561 in
355 3498 411 3562 der
433 3497 554 3579 Pfarre
576 3497 669 3563 &aad
691 3498 778 3581 Veyt‚
801 3497 934 3562 walchen
957 3495 1052 3582 Dytel
1071 3495 1129 3560 der
1149 3495 1268 3562 Froscls
1289 3517 1331 3560 aa

136 3602 237 3666 mauu
250 3601 454 3670 Jatresstnse
474 3623 535 3668 von
552 3604 588 3684 ῥα
612 3607 654 3668 60
669 3612 709 3669 ὣ.
726 3623 771 3666 au
792 3602 877 3667 suad
890 3602 1072 3683 Modoutou
1093 3599 1162 3666 arad
1183 3621 1228 3666 aas
1247 3599 1332 3665 saed

136 3704 311 3790 Juqentap
332 3708 473 3772 iaudent.

240 3809 374 3893 sayra:
397 3812 494 3888 Peter
517 3811 576 3876 ser
598 3808 891 3897 cherspekoh(1.)‚
915 3811 984 3875 sun
998 3808 1114 3876 vator
1128 3789 1249 3875 ostien
1272 3808 1331 3872 ser

137 3914 325 4001 Cherspech
342 3915 414 4002 (ΙΙ.)
437 3914 503 3981 und
527 3918 596 3981 sein
612 3916 727 3982 Vetter
750 3914 895 4002 Stephan
919 3913 978 3980 der
1000 3912 1110 3980 Grewl
1126 3912 1225 3998 (Ill).

240 4020 378 4086 Daisun:
400 4018 508 4106 geben
531 4018 646 4106 (1390)
668 4043 710 4086 an
733 4018 815 4085 saud
837 4019 1091 4105 Margretentag.

138 4245 200 4301 813.
242 4258 255 4282 ⁸
273 4248 329 4299 suf
343 4248 436 4299 Rasur.
470 4274 503 4284 —
534 4248 547 4281 b
565 4255 593 4298 at
610 4245 641 4298 ol
657 4247 707 4298 anf
721 4248 815 4298 Rasur.
843 4275 875 4285 —
907 4245 1095 4298 ⁰'l'heilwsise
1118 4244 1167 4296 anf
1182 4245 1278 4295 Rasur.
1295 4271 1330 4280 -

137 4336 329 4389 “Theilweise
346 4336 395 4387 aut
410 4335 504 4386 Rasnr.
523 4361 556 4375 ι-
574 4344 586 4369 ·
605 4336 635 4385 Δ.
655 4363 688 4374 -
707 4336 781 4386 ‘tea
797 4335 848 4385 suf
863 4335 956 4385 Raeur.
976 4360 1008 4371 -
1027 4342 1041 4376 τ
1058 4334 1114 4383 Das
1132 4332 1227 4383 sweite
1245 4347 1331 4383 maus

137 4441 156 4474 a
172 4425 319 4491 corrigiert
337 4450 371 4460 —
387 4423 402 4456 ¹²
419 4424 475 4474 Das
486 4421 624 4488 Fulgende
643 4424 678 4472 ist
695 4423 724 4472 in
742 4422 878 4474 kleinerer
895 4420 950 4472 und
967 4419 1157 4488 gedrltngterar
1169 4419 1270 4470 Schrift
1285 4434 1330 4485 ga·

137 4511 285 4562 schrieben.

138 4611 202 4667 814.
240 4612 250 4644 ¹
269 4612 415 4677 nisinun,
432 4614 465 4664 v.
478 4612 509 4663 0.
523 4613 565 4664 u.
579 4613 621 4665 w.
657 4641 692 4652 -
727 4611 916 4679 ’memnon
934 4614 1025 4676 mn,
1043 4613 1126 4665 aeas
1143 4611 1329 4681 comagene,

139 4701 214 4754 uc.
231 4701 269 4753 ss
282 4702 346 4754 ver
362 4716 386 4753 a„
399 4702 423 4753 e.
437 4700 546 4752 cunm.
