3400 5350
334 413 399 478 302

335 606 403 656 rund
421 604 486 674 (40),
503 607 655 673 ungsftrbt,
677 608 715 658 IV
729 609 758 660 C.
795 609 931 661 Umscbr.:
958 610 975 675 †
998 610 1025 661 S.
1049 610 1186 662 DITRICI
1200 626 1206 638 ·
1221 611 1530 664 [te-Plnlcunffler·

333 693 564 772 MARscuppcr.
583 695 651 745 Eine
674 697 848 762 abgetreppte
873 697 947 747 linke
970 698 1148 763 Seitcnspitze
1169 698 1221 764 (nr.
1234 701 1285 749 249
1304 699 1330 750 S.
1344 698 1400 767 IV).
1426 729 1456 737 -
1480 700 1528 750 IV.

334 780 360 829 S.
373 780 398 830 d.
411 780 531 845 Stephon
544 799 570 832 v.
584 782 720 832 Hauufcld
739 783 923 849 schildfbrmig
940 783 985 851 (³5
998 802 1004 833 :
1018 784 1072 850 33),
1091 786 1241 850 ungesdrbt,
1258 787 1296 837 1v
1307 786 1329 836 Α
1343 789 1366 837 2.
1392 788 1528 837 Umscbn:

333 869 350 932 †
368 866 393 916 S.
413 867 582 919 succuum
596 883 601 895 ·
615 869 662 918 De
675 886 680 896 ·
695 870 893 921 irAVNVGLD.
925 871 994 921 Eine
1012 872 1264 923 aufrechtstehende
1284 874 1369 924 [iaus.
1396 873 1464 925 abb.
1484 876 1528 924 bei

334 953 492 1015 Hauthaler,
520 956 582 1005 Rec.
600 956 635 1019 11,
655 956 721 1007 Ταῦ.
735 959 768 1006 34
787 974 824 1008 nr.
839 959 863 1007 3.

377 1180 452 1248 314.
1071 1190 1155 1247 raca
1170 1191 1229 1248 nar
1247 1192 1297 1257 ao,
1315 1192 1357 1249 sc.
1371 1193 1481 1250 curten.

334 1372 472 1454 Bisobof
480 1372 590 1437 Albert
604 1394 664 1436 ooo
679 1373 807 1438 Parada
826 1374 894 1457 pibt
914 1376 999 1439 scine
1014 1348 1237 1461 chstirnmonp
1252 1399 1293 1441 aa
1308 1379 1377 1442 dem
1393 1378 1526 1444 Zebent·

332 1477 401 1541 aad
423 1476 651 1542 Gdtortooscde
677 1478 830 1543 aroisobeo
853 1478 966 1545 Ulricb
989 1501 1048 1544 ooo
1070 1481 1222 1546 Maissoo
1247 1483 1316 1547 arrd
1337 1483 1407 1547 dem
1429 1484 1528 1566 sone

849 1584 1012 1668 Gdttroeip.

436 1756 509 1822 Orig.
519 1757 574 1823 (A),
586 1758 663 1823 Psrg.
682 1758 771 1824 Sisgel
784 1774 820 1810 cn
832 1761 920 1810 einem
930 1758 1148 1825 Perg.-Streifsn3
1161 1759 1245 1826 copie
1258 1762 1286 1811 in
1299 1760 1394 1811 (teuc
1406 1760 1424 1812 f.
1434 1758 1461 1810 2¹
1470 1760 1525 1827 (Β).

437 1879 537 1930 Bldtter
554 1879 571 1931 f.
586 1879 719 1932 Laudask.
733 1896 759 1930 v.
772 1880 866 1931 N.-Oe.
880 1882 939 1945 XV,
958 1884 992 1932 67
1005 1898 1043 1932 nr.
1057 1883 1090 1933 37
1103 1898 1156 1947 reg.
1184 1881 1245 1948 Vgl.
1258 1882 1337 1933 hisnu
1356 1900 1396 1934 ur.
1409 1885 1468 1934 313.

437 2055 504 2120 Nos
535 2055 689 2121 Albertus
723 2056 776 2121 dei
810 2059 918 2141 gratia
951 2057 1086 2122 ecclesie
1119 2058 1322 2123 Pataviensis
1356 2061 1526 2144 episcopus

333 2169 480 2224 constare
510 2159 658 2226 volumus
685 2162 846 2227 universis
869 2171 1036 2246 presentes
1058 2160 1182 2226 litteras
1204 2164 1407 2247 inspecturis,
1438 2162 1525 2248 quod

333 2262 528 2329 venerabilis
550 2266 582 2328 in
607 2263 736 2329 Christo
766 2266 868 2329 frater
890 2265 1039 2330 dominus
1062 2265 1282 2351 Marquardus
1304 2266 1407 2331 abbas
1430 2265 1526 2331 chut-

332 2367 483 2453 byeeusis
514 2367 635 2432 ordinis
665 2370 768 2433 sancti
790 2368 961 2433 Benedicti
992 2378 1100 2434 nostre
1131 2369 1280 2455 dyocesis
1303 2369 1343 2434 de
1367 2391 1527 2435 consensu

332 2481 365 2536 et
393 2472 595 2557 beneplacito
626 2482 736 2537 nostro
767 2472 808 2537 de
838 2482 1015 2539 conventus
1046 2475 1096 2538 sui
1125 2473 1257 2539 consilio
1280 2483 1313 2538 et
1334 2473 1451 2539 nobilis
1474 2476 1525 2538 vir

331 2574 462 2641 Vtricus
482 2576 524 2641 de
543 2576 689 2663 Missam
712 2578 841 2642 tertiam
864 2586 992 2662 partem
1015 2581 1157 2643 omnium
1180 2577 1378 2643 decimarum
1402 2579 1470 2642 vini
1492 2591 1526 2643 et

333 2681 420 2746 bladi
451 2681 492 2746 de
521 2683 656 2766 triginta
685 2682 790 2749 tribus
813 2682 949 2767 pheodis
978 2685 1071 2747 iuxta
1098 2693 1240 2748 castrum
1267 2684 1300 2747 iu
1323 2683 1467 2768 Myssaw
1491 2685 1523 2747 iu

332 2786 496 2871 parocbya
526 2784 646 2851 ibidem
676 2788 755 2871 sitis,
790 2808 874 2872 quae
905 2787 1027 2880 dictum
1057 2789 1287 2851 monasterium
1317 2788 1523 2872 proprietatis

331 2889 435 2975 tytulo
465 2889 696 2974 respiciebant,
732 2913 806 2956 cum
839 2890 973 2955 decimis
1006 2889 1094 2954 bladi
1127 2889 1341 2976 infrascriptis
1370 2890 1524 2955 videlicet

331 2996 427 3059 tertia
453 3003 545 3079 parte
576 2994 775 3059 decimarum
802 2997 905 3059 omnis
929 2993 1053 3058 culture
1076 2994 1117 3057 ad
1141 2993 1245 3059 forum
1269 2993 1411 3059 Chotans
1434 3016 1524 3079 spec·

331 3100 430 3162 tantis
453 3100 535 3163 citra
554 3098 700 3182 fluvium,
725 3100 779 3184 qui
796 3098 932 3164 Chrems
948 3097 1074 3178 dicitur,
1099 3107 1132 3162 et
1151 3098 1357 3163 medietatem
1379 3100 1523 3162 omnium

332 3202 532 3269 decimarum
554 3226 597 3268 ex
619 3203 723 3269 altera
745 3214 838 3290 parte
862 3203 940 3268 dicti
963 3202 1053 3267 fluvii
1070 3203 1192 3268 scilicet
1207 3225 1250 3268 ex
1265 3212 1358 3288 parte
1373 3204 1523 3268 memoris

332 3316 364 3371 et
394 3306 434 3371 de
461 3318 601 3393 quatuor
623 3307 707 3372 viliis
730 3306 883 3372 videlicet
905 3306 1059 3391 leeyns,
1083 3306 1223 3390 Volrats‚
1248 3306 1524 3392 Weykchartslag

332 3420 364 3474 et
387 3411 597 3476 Haeutzleius
628 3411 835 3476 medietatem
867 3410 1013 3476 similiter
1036 3410 1234 3475 decimarum
1257 3413 1410 3488 omnium,
1440 3432 1522 3496 quas

332 3525 428 3580 antea
457 3514 563 3580 dictus
586 3514 714 3581 Vlricus
737 3516 778 3580 de
801 3516 948 3599 Missam
978 3523 1011 3579 et
1040 3516 1089 3579 sui
1113 3517 1333 3599 progenitores
1363 3538 1383 3579 a
1412 3527 1523 3579 nostra

331 3620 518 3684 Pataviensi
548 3618 684 3684 ecclesia
714 3622 748 3684 in
771 3619 934 3704 pheodum
957 3628 1141 3699 tenuerunt,
1169 3617 1212 3682 ad
1234 3620 1373 3683 invicem
1397 3640 1522 3704 permu-

332 3731 442 3789 tarunt
456 3723 540 3806 ideo,
558 3724 645 3809 quod
660 3733 792 3810 propter
808 3725 1007 3788 vicinitatem
1023 3722 1066 3788 ad
1081 3723 1217 3788 aliorum
1232 3723 1390 3789 bonorum
1406 3725 1521 3789 utrius·

331 3848 394 3912 que
417 3829 661 3911 contiguitatem
685 3827 817 3893 cuilibet
838 3828 1058 3913 predictorum
1081 3850 1125 3892 ex
1145 3826 1301 3893 alterutra
1322 3827 1521 3893 decimarum

331 3933 562 4017 permissarum
585 3934 687 3997 maior
709 3941 836 4018 poterat
859 3932 980 3997 utilitas
1003 3933 1184 4017 pervenire,
1207 3931 1269 3996 hoc
1290 3943 1397 3997 tamen
1420 3931 1521 4014 salvo,

330 4037 417 4124 quod
441 4037 546 4102 dictus
569 4035 699 4102 Viricus
729 4046 762 4102 et
788 4059 900 4102 omnes
928 4039 978 4102 sui
1008 4036 1144 4101 heredes
1177 4058 1235 4100 seu
1257 4038 1428 4122 posteritas
1451 4060 1521 4123 pre·

330 4143 414 4206 fatas
437 4141 590 4225 decimas,
615 4163 696 4227 quas
720 4165 739 4206 a
760 4143 956 4206 monasterio
972 4139 1192 4226 Cbbtbyccusi
1215 4142 1247 4204 in
1268 4162 1346 4206 ccsu
1361 4151 1521 4226 permuta-

330 4248 431 4312 cioois
462 4269 505 4311 cx
534 4268 621 4311 nuuc
650 4245 826 4328 habebunt,
856 4269 877 4310 a
898 4245 991 4310 nobis
1022 4246 1203 4329 nostrisque
1226 4244 1464 4310 successoribus
1488 4246 1521 4309 in

329 4373 457 4416 omnem
481 4350 624 4433 modum,
655 4350 738 4415 sicut
761 4350 904 4414 decimas
926 4347 1108 4434 sepedictas
1131 4348 1217 4432 olym
1240 4370 1314 4413 suas
1337 4345 1521 4432 pheodaly·

328 4455 421 4520 titulo
456 4462 488 4518 et
520 4476 585 4518 nou
617 4455 821 4539 proprietatis
851 4455 921 4518 iure
952 4451 1093 4517 debeant
1122 4453 1265 4535 recipere
1296 4461 1451 4535 perpetuo
1482 4472 1521 4515 ac

328 4695 391 4750 314.
433 4708 446 4731 ⁸
463 4699 493 4749 A.
