3400 5350
1315 323 1358 389 53

156 511 322 595 potestatis
334 510 526 598 honorisque
539 514 589 577 sui
604 512 759 597 dignitate
771 523 881 579 careat
895 535 1048 599 reamque
1062 536 1097 578 se
1113 513 1221 578 divino
1237 513 1354 579 iudicio

158 616 300 679 existere
324 613 366 679 de
389 626 575 702 perpetrata
598 619 765 703 iniquitate
781 628 955 704 cognoscat
977 628 1009 683 et
1024 641 1044 682 a
1059 620 1273 684 sacratissimo
1291 640 1358 684 cor-

155 741 236 803 pore
267 728 300 784 et
327 721 510 805 sangwine⁰
544 720 595 784 dei
626 743 666 785 ac
698 720 815 786 domini
848 722 1061 808 redemptoris
1091 725 1210 787 nostri·
1239 722 1356 788 Ihesu⁰

158 821 282 889 Christi
305 823 490 889 alienafiat
516 834 613 912 atque
645 828 677 890 in
709 836 855 892 extremo
887 829 1037 891 examine
1068 826 1211 891 districte
1240 827 1358 891 ulcioni

156 927 337 993 subiaceat.
374 928 611 995 Conservantes
634 940 743 995 autem
770 931 832 995 hec
860 933 1084 1017 omnipotentis
1112 931 1165 995 dei
1192 942 1225 996 et
1252 931 1357 996 beato-

153 1040 249 1096 rum·
272 1033 362 1097 Petri
385 1055 424 1097 ac
438 1033 531 1099 Pauli
553 1034 769 1119 apostolorum
792 1037 861 1101 eius
884 1035 1142 1101 benedictionem
1166 1044 1198 1099 et
1213 1037 1357 1120 graciam

157 1147 415 1222 consequentum
439 1160 544 1222 amen,
567 1161 673 1221 emen,
696 1162 801 1204 amen.

232 1276 305 1362 Ego
327 1276 542 1342 Innocencius
565 1276 727 1343 katholice
751 1277 888 1343 ecclesie
911 1280 1082 1365 episcopus
1104 1278 1283 1343 subscribo.

201 1378 293 1466 (R)d
1205 1382 1309 1469 (BV.)

266 1520 391 1585 Datum
425 1521 579 1585 Laterani
615 1542 674 1606 per
710 1543 826 1586 manus
860 1521 1029 1605 Almerici,
1064 1531 1176 1587 sancte
1208 1523 1354 1587 Romane

155 1623 299 1690 ecclesie
330 1623 457 1689 diaconi
487 1623 658 1690 cardinalis
690 1634 722 1691 et
752 1625 945 1709 cancellarii,
969 1627 1009 1691 V.
1026 1624 1099 1691 idus
1129 1625 1248 1712 aprilis,
1279 1627 1357 1691 indi·

154 1732 271 1795 cione⁰
294 1728 337 1811 Π,
362 1730 588 1794 incarnationis
611 1730 770 1796 dominice
787 1753 871 1795 anno
887 1731 1052 1796 millesimo
1074 1734 1248 1795 centesimo
1264 1734 1356 1796 trice·

156 1836 245 1898 simo
271 1855 366 1917 nono,
397 1833 605 1918 pontificatus
634 1857 713 1900 vero
744 1834 864 1900 domini
886 1836 1073 1900 Innocenoii
1099 1836 1133 1900 II
1160 1857 1243 1921 pape
1274 1858 1358 1901 anno

157 1937 300 2003 decimo.

198 2165 261 2233 35.
1147 2167 1186 2248 [o.
1205 2168 1313 2250 mro]

154 2338 225 2403 Die
250 2337 375 2421 Hdrioe
400 2336 556 2403 Ricbbort
582 2338 636 2404 des
662 2337 774 2420 Stiftas
799 2338 1060 2405 Kremsmrtaster
1089 2340 1173 2404 wird
1197 2360 1258 2404 oon
1288 2341 1358 2404 deta

155 2443 256 2526 Vopte
286 2441 386 2506 dieses
416 2441 531 2520 Stiftes
559 2442 741 2525 Morlrpraf
764 2442 896 2508 Ottoltor
925 2443 960 2508 V.
977 2464 1038 2508 von
1066 2443 1261 2508 Stetermorlc
1287 2444 1358 2508 dem

155 2547 260 2630 »Stiria
274 2543 429 2630 Gottweto
451 2546 500 2612 als
515 2545 634 2611 Ersota
655 2548 713 2629 fiir
727 2549 817 2612 einen
832 2549 948 2612 diesem
963 2548 1172 2631 anetarum
1183 2548 1358 2631 oettdtetea

560 2650 799 2717 Ministeriolen
818 2652 960 2735 popeben.

263 2825 338 2893 Orig.
352 2823 405 2893 (A),
424 2826 501 2892 Perg.
515 2826 711 2893 feuchtfleckig.
730 2826 820 2894 Siegel
839 2826 952 2878 mittelst
963 2826 1171 2893 Perg..Streit⁴en
1183 2827 1355 2894 eingebttngt.

264 2948 370 3007 Kartin,
388 2949 440 2997 268
458 2963 499 2997 nr.
513 2950 553 2998 12.

264 3070 319 3119 Die
345 3069 564 3135 chronologische
591 3069 761 3136 Einreihnng
787 3069 875 3120 dieser
903 3070 1033 3120 Urkunde
1060 3071 1158 3121 beruht
1184 3070 1232 3121 auf
1257 3070 1357 3120 blosser

154 3156 312 3222 conjector.

263 3312 387 3377 Notum
402 3313 443 3376 sit
458 3310 605 3376 omnibus
620 3309 740 3376 Christi
754 3310 916 3392 fidelibus,
934 3312 1071 3397 qualiter
1086 3312 1200 3377 mulier
1215 3312 1355 3398 quedam

155 3419 290 3483 nomine
321 3415 481 3480 Richkart
511 3438 553 3479 ex
583 3392 705 3480 fdmilia
734 3417 838 3480 sancti
869 3416 1002 3502 Agapiti
1031 3427 1142 3483 mutuo
1170 3416 1290 3482 tradita
1317 3419 1357 3481 sit

155 3543 257 3608 super
287 3518 392 3585 altare
421 3529 531 3597 sancte
560 3520 664 3597 Mario
697 3521 729 3584 in
763 3520 910 3585 Kotwico
940 3542 998 3606 pro
1032 3521 1093 3585 alio
1126 3521 1271 3586 eiusdem
1301 3523 1356 3586 mi·

155 3623 316 3690 nisteriali
337 3625 452 3689 occiso.
487 3624 560 3689 Hoc
582 3633 691 3690 autem
714 3624 842 3689 traditio
866 3625 952 3690 faeta
975 3634 1024 3690 est
1044 3648 1103 3711 per
1130 3648 1245 3691 manus
1268 3625 1355 3691 Otta-

155 3729 238 3795 ker¹
261 3728 415 3794 advocati
437 3728 523 3794 bona
545 3728 708 3794 voluntate
731 3728 841 3794 domni
857 3701 1020 3794 ddalrioi2
1042 3729 1170 3795 abbatis
1185 3732 1356 3794 conivente

156 3857 194 3899 eo
217 3844 332 3899 tamen
354 3843 449 3918 pacto
472 3835 605 3918 etium,
628 3855 691 3918 quo
714 3836 803 3920 prius
826 3844 938 3900 sancto
953 3833 1093 3922 Agapito
1109 3834 1242 3900 subesse
1265 3834 1357 3898 solita

157 3948 238 4021 erat,
260 3947 376 4025 utpote
399 3936 440 4001 de
463 3936 647 4002 melioribus
670 3938 930 4005 ministerialibus
953 3949 1031 4004 orta.
1061 3940 1147 4003 Huic
1173 3940 1222 4003 rei
1248 3937 1355 4002 testifi-

157 4052 289 4108 cantur:
314 4040 465 4107 Walther
487 4040 529 4105 de
552 4042 709 4128 Troiam·
736 4043 945 4128 Engilschalh
974 4042 1015 4106 de
1038 4043 1121 4126 Vra3
1150 4042 1191 4106 de
1218 4043 1355 4106 ministe-

156 4249 205 4305 34.
265 4253 280 4285 ὖ
299 4251 440 4318 Kreisring
453 4251 558 4302 enthiilt
569 4252 621 4303 den
634 4252 826 4319 Wahlsprnch:
848 4253 866 4317 †
877 4251 981 4303 Adiuoa
993 4270 1038 4303 uos
1049 4252 1111 4302 deus
1129 4252 1252 4302 salamrta
1263 4257 1355 4300 mater.

156 4334 205 4391 bb.
264 4348 278 4372 ⁸
296 4340 308 4387 ι·
325 4339 393 4388 tiber
411 4338 458 4387 der
475 4337 550 4388 Zoilo
569 4340 774 4405 nachgetragen.

264 4424 407 4480 ¹0ttokar
430 4424 659 4490 v.(1129-1164
681 4426 862 4492 †December
888 4424 934 4491 31)
956 4425 1095 4490 Murkgraf
1116 4441 1169 4474 ron
1192 4422 1355 4474 Steiermark

159 4511 289 4574 (Meiller,
307 4509 451 4576 Bab-Bag.
465 4508 536 4575 365).
556 4538 588 4547 -
607 4508 618 4540 ⁹
635 4513 688 4562 Am
705 4512 801 4562 Ulrich
819 4512 854 4562 11.
868 4528 920 4562 von
939 4512 1162 4568 maurmunster,
1183 4512 1353 4559 11324147

160 4593 266 4662 (ebend.
277 4597 304 4648 S.
315 4595 387 4660 349).
