3400 5350
1296 368 1338 430 51

142 563 174 619 ct
195 554 334 617 martiris
358 562 392 617 ct
412 555 446 617 in
461 551 652 619 Ohkotwico
675 553 751 619 licet
772 555 891 619 invitus
906 554 1050 639 sepultus
1066 576 1137 620 esse
1153 554 1339 639 dinoscitur,

140 657 184 723 ad
200 657 286 744 quod
302 666 411 722 temen
429 660 658 723 monasterium
678 658 788 744 plures
804 659 895 724 villas
911 682 954 724 ex
969 659 1072 725 altera
1086 668 1178 745 perte
1195 658 1341 725 Danubii

139 784 216 828 cum
239 762 369 847 copiose
392 764 531 847 pecunia
553 761 723 828 ordinavit.

247 953 331 1004 Liber
357 953 461 1005 tundat
479 961 591 1006 monast
604 955 696 1006 Zwetl.
719 955 748 1004 in
771 955 859 1005 einem
884 955 1066 1021 Perg.·Oodex
1088 957 1124 1006 im
1148 956 1227 1007 suno
1245 956 1340 1006 Zwettl

138 1041 194 1108 (dio
213 1046 382 1106 cogesennte
401 1041 567 1107 Bdrenhaut)
586 1042 603 1092 t.
619 1044 659 1103 14,
677 1041 809 1092 columne
828 1044 852 1092 2.

245 1163 323 1213 Frest
341 1164 371 1212 in
388 1163 488 1214 Fontes
507 1166 531 1224 2,
549 1163 598 1224 111,
618 1166 660 1213 53.

245 1286 334 1336 Hienu
352 1284 407 1352 vgl.
419 1286 470 1336 den
489 1285 635 1336 deutschen
653 1285 783 1352 Prologus
801 1285 942 1337 desselben
960 1286 1050 1337 Codex
1068 1286 1086 1337 i.
1099 1283 1126 1335 ‘2‘
1145 1285 1201 1336 Col.
1214 1289 1241 1337 2:

455 1372 492 1423 Ee
509 1372 568 1422 wrd
585 1373 638 1422 nob
657 1374 692 1421 im
709 1373 766 1422 niltt
783 1373 908 1433 ooldrobt,

454 1459 500 1509 Ab
516 1461 544 1509 ἓν
561 1462 617 1509 sein
634 1457 676 1510 tet
690 1458 813 1525 yedocht,

458 1536 974 1612 Oufdemcbitwiywelteruliqem

458 1633 518 1683 Alco
535 1635 568 1683 iet
586 1650 615 1683 cr
632 1650 681 1683 oon
697 1635 792 1683 eeincm
809 1633 917 1685 oblecter
931 1632 1047 1700 nedicunt,

457 1719 950 1781 Dockowacrleit,dolcitcrwol,

457 1806 532 1857 Αἰαίη
550 1824 577 1858 α
595 1824 643 1857 uno
660 1809 702 1858 leit
720 1823 802 1857 weron
818 1809 864 1857 ool.

245 1928 307 1994 Vgl.
328 1927 418 1980 fernen
444 1929 496 1978 den
523 1929 701 1980 lateinischen
724 1929 854 1996 Prologus
876 1930 912 1979 im
935 1928 1030 1980 selben
1053 1927 1144 1979 Codex
1167 1928 1215 1979 Η
1238 1928 1295 1980 Col.
1309 1932 1339 1979 1:

134 2015 193 2065 Hoc
214 2021 298 2064 auten
315 2014 378 2079 dico,
397 2014 463 2079 quod
479 2016 599 2066 tomam
616 2022 652 2066 eet
671 2015 807 2068 Kotecoico.

177 2294 239 2362 34·
823 2299 907 2357 1139
922 2300 1004 2372 April
1016 2300 1045 2365 u,
1063 2300 1143 2374 Rom,
1160 2301 1296 2356 lateran.

135 2484 241 2566 Popst
270 2483 429 2548 Innocens
451 2483 499 2548 II.
516 2486 630 2549 nimmt
652 2486 712 2550 das
738 2484 821 2567 sofr
842 2483 998 2567 Gdttwciq
1026 2485 1060 2548 in
1082 2485 1190 2549 senen
1212 2483 1340 2564 Scitote,

353 2588 499 2671 bestdtobt
520 2589 628 2654 descen
650 2588 761 2655 Besitz
782 2588 851 2653 ond
872 2589 980 2654 descen
1001 2588 1127 2654 Recbte.

241 2779 328 2846 (iopio
345 2780 375 2830 in
393 2779 492 2830 Codc
510 2780 527 2830 t
541 2781 619 2831 318i.
634 2780 687 2848 (Β).

242 2902 350 2965 Kurlin,
369 2903 420 2952 267
440 2918 479 2952 nr.
495 2905 535 2952 ll.
554 2931 587 2939 -
605 2901 686 2964 dalle,
704 2903 769 2969 Reg.
789 2905 813 2953 2.
827 2903 858 2953 A.
873 2920 911 2953 nr.
926 2905 1003 2953 7968.

242 3025 300 3073 Der
318 3024 411 3090 Copiet
427 3024 554 3075 bemdbte
572 3026 638 3088 sich,
657 3026 725 3076 euch
745 3026 788 3075 die
806 3026 875 3076 Rota
892 3025 948 3075 und
966 3025 1012 3074 dns
1030 3024 1194 3075 Benevalete
1213 3039 1261 3073 aus
1279 3023 1339 3074 dem

135 3112 190 3162 ihm
210 3111 284 3162 noch
304 3111 498 3177 vorliegenden
516 3111 655 3178 Originale
674 3111 816 3179 moglichst
833 3128 922 3177 genuu
940 3111 1176 3162 nachnnzeichnen
1195 3110 1250 3160 und
1262 3112 1340 3161 llber-

136 3199 223 3266 haupt
243 3198 290 3249 die
309 3198 502 3248 Kennzeichen
520 3198 567 3249 des
585 3198 722 3264 Originels
740 3204 835 3264 gelren
854 3198 1083 3265 wiedernugeben.

242 3370 260 3461 ξ
296 3371 505 3436 Innocentius
536 3373 715 3457 episcopus,
748 3393 863 3436 servus
893 3393 1060 3437 serrorum
1092 3370 1143 3435 dei
1179 3367 1195 3459 ξ
1225 3368 1341 3436 dilecto

139 3477 202 3542 filio
228 3474 445 3544 Chudelhoch
476 3475 686 3541 Gottwicensi
715 3474 828 3541 abbati
859 3477 991 3562 eiusque
1024 3476 1264 3544 successoribus
1294 3498 1341 3539 re-

138 3581 297 3665 gulariter
331 3578 562 3644 substituendis
598 3582 632 3643 in
669 3588 873 3665 perpetuum.
919 3579 1138 3666 Desiderium,
1176 3579 1262 3668 quod
1296 3577 1340 3644 ed

138 3687 306 3774 religionis
329 3685 527 3770 propositum
557 3694 590 3749 et
620 3687 800 3749 animarum
829 3683 966 3748 salutem
995 3687 1138 3749 noscitur
1167 3679 1358 3771 pertineres

138 3793 246 3856 enimo
269 3812 330 3854 nos
353 3788 449 3854 decet
470 3789 583 3854 libenti
606 3788 786 3854 concedere
810 3797 842 3852 ct
865 3792 1049 3874 petencium
1076 3788 1243 3854 desideriis
1267 3810 1338 3852 con·

139 3918 259 3981 gruum
281 3896 428 3980 inpertiri
449 3895 649 3978 suffragium.
683 3894 726 3958 Et
748 3892 880 3980 quidem
903 3895 929 3956 si
952 3892 1172 3978 religiosorum
1198 3896 1340 3958 virorum

139 3999 399 4085 postulaciones⁸
422 3997 532 4063 debite
554 3997 752 4083 benignitate
769 3996 977 4078 admittimus,
992 4000 1108 4062 nostris
1123 3997 1235 4083 procul
1251 4019 1339 4082 opor-

140 4101 353 4168 tunitatibus·
376 4101 567 4167 clementem
598 4101 764 4166 dominum
794 4103 983 4187 reperimus.
1018 4101 1123 4166 Huius
1153 4104 1200 4165 rei
1230 4104 1341 4186 gracia

140 4206 258 4272 dilecte
281 4209 316 4271 in
338 4205 467 4271 domino
489 4206 534 4271 fili
558 4205 769 4272 Ohadelhoch
792 4203 895 4271 abbas
911 4204 1064 4291 precibus
1079 4207 1142 4270 tuis
1165 4203 1340 4290 apostolica

140 4309 393 4376 mansuetudine
416 4309 569 4375 duximus
584 4309 794 4375 annuendum
810 4319 842 4373 et
858 4309 1077 4375 Gottwicensc
1100 4309 1340 4391 monasterium,

142 4418 193 4480 cui
215 4426 351 4480 auctore
374 4413 435 4480 deo
458 4435 589 4501 preesse
613 4413 800 4498 dinosceris,
824 4434 899 4477 cum
920 4412 1069 4478 omnibus
1091 4412 1134 4478 ad
1149 4414 1254 4498 ipsum
1269 4433 1339 4497 per·

143 4636 188 4692 84.
246 4651 260 4675 ⁸
276 4640 358 4708 Folgt
375 4642 420 4691 ein
438 4640 520 4701 Locb‚
539 4639 654 4691 welches
673 4641 721 4690 mit
739 4642 828 4691 einem
846 4640 942 4690 rothen
960 4638 1065 4691 striche
1083 4641 1217 4689 umsitumt
1234 4639 1275 4691 ist.

1150 4724 1184 4776 μ
