3400 5350
1284 421 1349 490 715

260 616 454 684 Leonardus
475 615 621 700 Schavvn
645 616 833 682 licenciatns
862 617 896 682 in
926 615 1076 700 decretis,
1105 615 1349 702 Ratisponensis

157 731 190 789 et
203 723 406 789 Pataviensis
428 721 640 788 ecelesiarum
662 722 848 805 canonicus,
872 719 1018 787 officialis
1033 723 1121 788 curie
1136 721 1348 803 Pataviensis,

155 837 310 894 executor
331 829 446 893 unicus
468 825 512 892 ad
533 825 739 912 infrascripta
761 848 782 891 a
804 824 883 892 sede
905 825 1081 913 apostolica
1096 825 1279 913 specialiter
1295 824 1348 890 de

156 941 286 1020 putatus
309 932 467 998 universis
490 939 523 1000 et
544 929 688 1017 singulis,
711 929 754 995 ad
777 951 858 1018 qnos
879 940 1047 1017 presentes
1068 931 1286 1017 pervenerint,
1308 951 1349 995 ac

157 1035 305 1104 omnibns
328 1036 409 1120 aliis,
431 1057 568 1122 qnorum
589 1037 724 1102 interest
744 1033 798 1099 vel
819 1036 975 1120 intererit,
1005 1042 1038 1100 et
1064 1056 1145 1121 quos
1167 1034 1349 1120 infrascrip

156 1149 223 1207 tum
245 1142 349 1227 tangit
369 1141 542 1225 negocium
564 1161 622 1205 seu
644 1149 780 1225 tangere
801 1140 928 1226 poterit,
951 1138 1191 1227 quomodolibet
1212 1141 1245 1205 in
1267 1139 1349 1205 futu·

156 1269 238 1329 rum,
269 1245 527 1333 quibuscumque
558 1253 752 1350 cpnseantur
781 1242 974 1329 nominibus,
996 1244 1133 1309 salntem
1154 1245 1188 1309 in
1210 1242 1348 1310 domino.

157 1351 200 1417 Et
227 1349 401 1417 mandatum
429 1351 544 1415 nostris
574 1370 686 1436 ymmo
716 1349 825 1416 verius
855 1347 1037 1434 apostolicis
1059 1348 1195 1414 firmiter
1216 1346 1350 1413 obedire

156 1455 255 1520 literis
278 1456 472 1521 mncbssimi
491 1454 526 1519 in
548 1452 676 1520 Christo
698 1455 800 1540 patris
824 1463 856 1519 et
878 1451 999 1518 domini
1021 1455 1130 1537 nestri,
1155 1451 1276 1518 domini
1290 1452 1349 1517 Vr-

157 1558 234 1626 bani
263 1558 374 1625 divina
403 1558 615 1645 providencia
643 1577 728 1645 pape
752 1557 801 1624 VI
830 1559 899 1624 eius
929 1580 1009 1624 vera
1031 1556 1121 1623 bulla
1142 1556 1295 1644 plumbea
1315 1559 1350 1623 in

156 1664 210 1730 filo
240 1666 374 1750 canapis
401 1686 491 1730 mere
522 1665 610 1730 curie
632 1662 778 1730 Romane
808 1661 946 1728 bullatas
973 1684 1070 1727 sanas
1092 1671 1125 1727 et
1145 1663 1288 1748 integras
1309 1684 1350 1728 ac

157 1771 244 1835 omni
275 1770 360 1835 vicio
392 1778 425 1833 et
458 1770 639 1855 suspicione
673 1775 821 1834 carentes
851 1766 944 1834 nobis
973 1789 1034 1854 per
1063 1766 1284 1833 venerabilem
1316 1768 1350 1832 in

156 1873 284 1942 Christo
320 1882 446 1961 patrem
484 1872 649 1940 dominum
682 1870 868 1940 Fridricum
905 1870 1058 1938 abbatem
1096 1881 1128 1937 et
1164 1870 1350 1957 religiosum

155 1982 261 2046 virum
291 1978 457 2045 deminum
478 1976 635 2044 Iacobum
665 1979 807 2064 priorem
836 1977 1022 2043 monasterii
1048 1974 1273 2043 Obctvicensis
1302 1998 1349 2041 or

157 2082 240 2148 dinis
270 2084 374 2149 sancti
395 2081 566 2149 Benedicti
587 2082 788 2148 Patavieneis
819 2079 977 2167 dyocesis
995 2102 1055 2166 pro
1076 2102 1112 2146 se
1134 2090 1168 2145 et
1189 2081 1255 2145 snis
1278 2102 1349 2145 eon
1451 2159 1454 2165 ,

156 2196 273 2254 ventus
306 2209 346 2253 ac
379 2188 566 2253 monasterii
598 2185 783 2254 nominibus
815 2193 1028 2271 presentatas,
1061 2206 1120 2250 nos
1155 2206 1229 2250 cum
1258 2205 1349 2249 reve-

156 2293 276 2375 rencia,
311 2314 376 2379 qua
409 2290 518 2358 decuit
550 2292 723 2378 recepisse,
757 2291 884 2356 noverit
915 2311 975 2375 per
1005 2291 1112 2357 omnia
1141 2288 1204 2355 bec
1234 2287 1349 2355 verbe:

155 2396 235 2480 folet
255 2396 397 2465 wtirtllcb
418 2396 566 2463 meree
586 2417 638 2462 ar.
656 2400 728 2464 782.
773 2395 850 2460 Post
873 2416 1010 2482 quarum
1033 2394 1165 2482 quidem
1186 2393 1351 2460 liternum

156 2501 405 2588 apostolicarum
433 2502 713 2588 presentacionem
738 2500 858 2567 fuimus
880 2522 940 2588 per
962 2499 1105 2587 prefatos
1126 2498 1273 2566 domines
1295 2496 1350 2565 ab·

156 2605 265 2672 batem
295 2614 329 2672 et
355 2607 497 2694 priorem
524 2628 600 2671 cum
620 2608 779 2671 instancia
802 2604 911 2672 debita
934 2606 1089 2692 requisiti,
1111 2614 1148 2669 ut
1168 2602 1211 2669 ad
1234 2625 1350 2669 execu-

146 2714 282 2785 ,cienem
316 2734 427 2778 earum
461 2710 641 2800 procedere
671 2711 890 2798 dignaremur.
935 2710 1003 2774 Nos
1032 2711 1129 2797 igitur
1158 2707 1351 2775 Leonardns

157 2814 293 2882 Schawr
322 2814 467 2881 officialis
498 2824 531 2882 et
558 2824 713 2881 executor
735 2815 877 2904 prefatos
898 2813 1044 2880 volentes
1066 2813 1254 2880 mendcium
1276 2835 1350 2900 apo

156 2921 304 2988 stolicum
323 2920 418 2986 >nobis
440 2923 474 2987 in
496 2920 559 2987 bac
581 2930 674 3007 parte
698 2919 858 2986 directum
880 2927 1069 2985 reverenter
1091 2919 1220 3006 exequi,
1250 2925 1286 2983 ut
1306 2926 1350 2982 te

155 3049 280 3110 nemun,
314 3024 481 3092 literarum
513 3025 763 3112 apostolicarum
795 3025 900 3090 torma
933 3023 1104 3109 diligenter
1134 3025 1280 3109 inspecta
1309 3020 1350 3087 de

157 3129 305 3196 omnibus
339 3140 372 3195 et
405 3129 539 3217 singulis
572 3132 606 3196 in
640 3130 764 3196 eisdem
795 3130 897 3195 literis
930 3130 1127 3215 expressatis
1160 3137 1193 3193 et
1222 3125 1351 3193 domino

156 3245 263 3302 nostro
297 3257 381 3322 pape
415 3233 561 3322 predicto
596 3236 766 3322 propositis
800 3242 833 3299 et
862 3235 1000 3299 narratis
1030 3233 1254 3320 inquisivimus
1284 3230 1351 3297 dili-

156 3350 272 3425 genter
301 3348 334 3405 et
362 3361 427 3426 qua
457 3361 500 3405 ex
530 3338 597 3404 fide
628 3337 800 3425 dignorum
821 3347 889 3403 tam
912 3336 1102 3403 clericorum
1125 3359 1224 3424 qnam
1244 3336 1351 3424 layco

157 3466 228 3510 rum
251 3445 431 3511 testimonio
453 3445 637 3511 invenimus
660 3445 766 3511 omnia
789 3452 821 3507 et
843 3442 970 3529 singula
991 3444 1149 3529 premissa
1170 3442 1217 3507 sic
1239 3462 1275 3506 se
1297 3440 1351 3507 ba·

156 3550 235 3617 bere
259 3558 291 3614 et
313 3571 385 3614 esse
407 3534 498 3632 vera,
521 3550 675 3636 quocirca
696 3546 838 3636 prefatas
861 3547 895 3612 in
916 3546 1025 3631 Nelib,
1055 3549 1088 3613 in
1111 3547 1281 3613 Hot'steten
1312 3569 1351 3612 ac

158 3656 190 3720 in
213 3654 366 3721 Mantarn
393 3651 612 3741 parrochiales
635 3651 790 3719 ecclesias
813 3674 888 3718 cum
911 3651 1060 3718 omnibus
1081 3651 1206 3719 iuribus
1228 3661 1262 3717 et
1282 3673 1352 3738 per·

158 3760 305 3826 tinenciis
335 3758 401 3825 suis
433 3746 579 3845 predicto
608 3758 802 3823 monasterio
824 3756 1041 3824 Obotwicensi
1068 3758 1256 3823 auctoritate
1279 3777 1352 3843 apo

158 3862 270 3931 stolica
284 3860 378 3928 nobis
393 3863 427 3928 in
438 3862 501 3927 bac
512 3871 606 3949 parte
622 3883 775 3927 concessa
795 3870 952 3948 perpetuo
968 3862 1211 3948 incorporamus
1225 3862 1353 3927 unimus

158 3979 191 4035 et
201 3970 402 4035 annectimus
413 3969 467 4053 ita,
476 3967 563 4055 qued
573 3965 763 4033 cedentibus
773 3966 826 4033 vel
835 3965 1071 4032 decedentibus
1079 3964 1259 4033 rectoribus
1270 3967 1352 4052 ipsa·

158 4096 230 4139 rum
246 4072 466 4157 ecclesiarum,
483 4075 538 4160 qui
550 4094 636 4137 nunc
648 4081 733 4156 sunt,
748 4071 802 4136 vel
817 4069 972 4137 ecclesias
987 4072 1073 4159 ipsas
1088 4071 1167 4136 alias
1182 4068 1352 4157 quomodo

158 4177 238 4244 libet
259 4177 492 4244 dimittentibus
514 4178 611 4243 bceat
631 4175 787 4262 predictis
808 4174 920 4249 abbati
944 4186 976 4241 et
1003 4176 1176 4242 conventui
1206 4196 1352 4261 corpora·

159 4280 223 4348 lem
244 4284 480 4368 possessionem
502 4280 714 4348 ecclesiarum
736 4303 777 4346 ac
797 4282 916 4347 iuriam
938 4290 971 4346 et
992 4281 1268 4366 pertinenciarum
1282 4301 1352 4365 pre·

161 4385 319 4452 dictorum
340 4386 442 4452 libere
464 4385 710 4473 apprehendere
732 4395 765 4452 et
778 4384 865 4451 licite
879 4387 1019 4451 retinere
1034 4383 1210 4472 dyocesani
1224 4382 1286 4449 loci
1299 4382 1354 4449 vel

161 4492 380 4577 cuiuscunque
402 4489 533 4556 alterins
555 4510 653 4576 super
675 4489 737 4556 boc
758 4490 896 4556 licencia
917 4490 1048 4555 minime
1073 4490 1228 4577 requisita
1252 4509 1353 4553 reser-

161 4603 276 4661 vantes
297 4604 405 4662 tamen
429 4594 471 4661 de
489 4593 649 4661 fructibus
668 4592 848 4662 redditibus
868 4605 901 4660 et
921 4594 1131 4683 proventibus
1155 4593 1352 4681 singularum

161 4702 304 4785 ipsarum
319 4700 530 4766 ecclesiarum
544 4721 604 4786 pro
619 4698 751 4785 singulis
766 4700 929 4787 pemetuis
944 4702 1072 4766 vicariis
1085 4697 1285 4767 secularibus
1295 4697 1352 4763 ibi·
