3400 5350
1289 431 1331 496 19

133 621 318 709 llrtpureh²
350 645 425 687 eum
457 624 543 688 omni
572 621 794 706 decimatione,
826 644 889 709 que
916 625 949 689 in
977 621 1092 688 eodem
1114 623 1184 688 loco
1207 622 1249 688 de
1272 644 1330 689 suo

133 725 243 812 predio
277 726 364 792 culto
392 736 425 791 et
451 726 569 791 inculto
591 728 787 812 provenerit,
817 726 861 791 ad
884 727 983 793 eltare
1007 736 1120 804 sancte
1143 727 1247 804 Marie
1269 726 1330 791 deo

131 830 182 895 bic
212 830 448 896 famulantibus
479 830 673 897 contradidit
704 854 743 896 ea
773 831 965 914 conditione,
996 839 1032 896 ut
1061 830 1199 909 eeclesia
1220 831 1266 896 ibi
1287 832 1330 896 ab

131 934 252 1000 abbate
277 944 310 1000 et
331 959 352 1000 a
374 934 528 1000 iratribus
551 945 765 1020 construatur,
789 945 822 1001 et
844 938 870 1000 si
893 958 1028 1021 presens
1049 935 1153 1002 abbas
1175 935 1228 1001 vel
1248 938 1331 1022 quis·

131 1042 218 1126 piam
250 1041 320 1105 eius
350 1061 574 1106 successorum
603 1039 726 1127 aliquid
748 1040 824 1105 inde
847 1041 942 1106 alicui
966 1050 1121 1106 extraneo
1144 1042 1330 1126 prostiterit,

130 1146 301 1230 proximus
325 1147 394 1210 eius
417 1145 511 1209 heres
533 1147 567 1210 in
591 1167 684 1211 suum
706 1148 756 1210 ius
778 1144 966 1211 retrahendi
988 1144 1109 1210 hebeat
1129 1154 1329 1231 potestatem.

130 1249 240 1314 Huius
270 1248 450 1316 traditionis
479 1259 578 1316 testes
607 1253 659 1315 isti
689 1273 748 1336 per
778 1272 891 1315 aurem
922 1261 995 1315 sunt
1023 1250 1174 1315 adtracti:
1205 1249 1330 1333 Arnolt,

130 1353 326 1440 Reginpoto‚
349 1353 494 1439 Sigiboto
516 1354 572 1419 filii
595 1358 674 1438 eius,
697 1355 857 1439 Nantker‚
880 1358 958 1421 item
977 1355 1057 1420 elius
1073 1354 1232 1438 Nantker‚
1249 1354 1330 1419 cha-

129 1458 284 1524 dalhocb.
321 1458 421 1524 Simili
450 1458 543 1524 modo
571 1459 707 1525 domnus
731 1432 903 1525 ildalrieus
925 1460 1127 1525 Patavicneis
1151 1461 1330 1546 episeopus,

129 1562 171 1628 de
196 1563 316 1628 eadem
339 1562 562 1648 decimatione,
587 1563 673 1649 quod
696 1567 745 1628 sui
766 1566 844 1629 iuris
868 1573 947 1647 eret,
970 1564 1013 1630 ed
1035 1565 1122 1629 idem
1142 1564 1243 1630 altare
1259 1588 1330 1630 con-

127 1667 268 1733 tradidit
297 1671 331 1732 in
360 1671 523 1755 presentia
552 1668 688 1734 militum
714 1691 754 1734 ee
777 1668 1033 1734 ministerialium
1055 1691 1199 1735 suorum:
1236 1670 1330 1734 Hart-

128 1775 215 1856 wici,
247 1771 403 1857 Pilgrimi,
432 1773 579 1857 Dictrici‚
611 1772 827 1858 Meginbardi,
863 1774 949 1839 Born
985 1783 1017 1838 et
1050 1773 1194 1840 aliorum.
1241 1772 1331 1853 Ques

127 1888 288 1963 utrasque
319 1877 507 1942 donationes
538 1877 624 1943 idem
653 1880 825 1965 opiscopus
852 1881 1042 1943 auctoritate
1073 1900 1132 1943 sua
1162 1886 1195 1943 et
1224 1878 1331 1943 banno

128 1992 231 2068 atque
259 1982 353 2066 sigilli
383 1983 432 2046 sui
459 1984 669 2068 impressione
692 1983 905 2067 confirmavit,
928 1992 964 2047 ut
986 1984 1012 2046 si
1035 1984 1106 2068 quis
1129 1982 1214 2047 hanc
1235 1981 1331 2048 tradi·

127 2090 252 2151 tionem
276 2086 397 2151 violare
420 2090 636 2173 temptaverit,
659 2111 679 2152 a
695 2109 829 2173 corpore
845 2097 878 2151 et
893 2089 1050 2171 sanguine
1067 2085 1186 2153 Christi
1202 2109 1236 2151 se
1253 2089 1334 2152 sciat

128 2200 341 2276 segregatum
365 2213 404 2255 ao
427 2190 641 2257 anathematis
664 2191 794 2256 vinculo
816 2191 1047 2278 perpetualiter
1069 2190 1254 2276 obligatum.

174 2471 235 2537 ll).
768 2478 850 2535 1⁰96
868 2475 1055 2555 [September
1069 2480 1099 2545 a,
1116 2474 1287 2556 Gottweng.

130 2661 275 2745 Biecbof
291 2661 402 2729 Ulrieh
424 2661 452 2727 I.
481 2684 541 2727 voa
567 2662 695 2728 Passau
725 2662 919 2729 beurlcuodet
949 2664 1001 2729 die
1028 2664 1249 2731 consecratae
1280 2665 1333 2729 des

130 2791 190 2833 ooo
222 2770 329 2833 seiner
358 2767 508 2850 froteree
530 2767 626 2832 Stella
652 2774 821 2833 vorsetetcn
843 2769 1095 2834 Merionaltercs
1121 2771 1156 2833 ie
1180 2769 1333 2852 Gottweip

381 2873 450 2936 aad
471 2872 616 2954 testerepo
638 2872 689 2936 die
711 2871 867 2938 Dotatioa
889 2875 943 2938 des
965 2873 1087 2955 Stisies.

236 3068 314 3133 Orig.
335 3065 381 3134 (A)
399 3067 476 3131 Perg.
501 3066 697 3133 leuehtfleckig.
734 3067 823 3134 Siegel
847 3083 882 3118 an
906 3068 1110 3135 Perg.·Streifen
1134 3070 1163 3117 in
1185 3069 1232 3120 der
1255 3069 1332 3119 Mitte

130 3156 353 3218 durebbroehen3
371 3153 470 3204 Cedo
487 3153 506 3203 l.
520 3155 571 3204 299
591 3151 643 3221 (B).

238 3295 384 3359 Hormayr,
401 3295 501 3344 Archiv
518 3295 536 3343 f.
555 3294 650 3360 Geogr.
672 3295 746 3359 1828,
766 3295 792 3346 S.
806 3297 869 3358 5603
890 3296 993 3359 Karlin,
1012 3297 1063 3345 254
1086 3314 1125 3348 nr.
1145 3299 1169 3349 3.

237 3381 288 3431 Ale
310 3381 491 3431 Vorurkunde
513 3381 603 3432 diente
625 3396 666 3431 nr.
684 3383 708 3431 5.
737 3381 850 3433 eleiehc
874 3382 954 3433 Hand
978 3384 1027 3433 mit
1050 3399 1090 3433 nr.
1104 3386 1128 3434 9.
1159 3385 1214 3434 Dae
1236 3384 1332 3450 Tages·

129 3470 223 3520 datum
243 3469 334 3535 ergibt
351 3468 407 3518 sich
426 3482 475 3519 aue
496 3467 544 3519 der
561 3469 673 3535 Angehe
691 3468 738 3520 der
757 3469 895 3532 urkunee
916 3470 977 3520 daea
995 3469 1039 3520 die
1057 3486 1128 3521 neue
1145 3471 1333 3521 Consecration

129 3572 171 3607 nm
195 3557 295 3609 selben
318 3556 393 3621 Tage
416 3555 583 3623 (September
603 3554 631 3624 9)
658 3556 756 3623 erlolgt
781 3559 828 3620 eei,
856 3573 892 3607 an
919 3556 1048 3608 welchem
1076 3557 1187 3607 Biscbof
1206 3557 1333 3607 Alunann

130 3643 173 3694 die
191 3643 380 3709 Einweibung
398 3644 535 3696 vomahm.

237 3782 361 3847 Notum
377 3784 418 3846 sit
432 3781 581 3847 omnibus
597 3795 696 3859 sancte
712 3790 811 3845 matris
826 3790 947 3861 ecclesie
962 3790 1029 3846 filiis
1044 3792 1108 3848 tam
1128 3782 1334 3869 presentibus

130 3911 231 3974 quam
265 3886 484 3973 postfuturis,
512 3895 636 3967 qualiter
665 3913 718 3968 ego
748 3859 920 3951 bdalrieus
952 3896 997 3951 dei
1028 3898 1123 3969 gratia
1152 3897 1334 3952 Pataviensie

130 4002 257 4070 ecclesie
272 4001 424 4072 episcopua
442 3991 544 4057 altare
564 4000 605 4057 a·
628 3991 805 4057 venerabili
824 3992 1056 4076 predecessore
1071 4014 1143 4057 meo
1159 3991 1334 4056 Altmanno

66 4107 71 4114 '
131 4100 289 4183 episeopo
313 4104 343 4159 in
358 4104 465 4161 bonore
480 4112 581 4176 sancte
604 4107 637 4162 et
655 4106 811 4183 perpetue
831 4098 965 4180 virginis
980 4105 1070 4174 Mario
1088 4096 1271 4161 dedicatum
1287 4118 1333 4158 ro·

130 4212 210 4285 gatu
234 4201 374 4265 fratrum
397 4202 488 4266 istius
508 4202 634 4266 cenobii
649 4200 890 4285 Kothwigensis
911 4200 1055 4284 confregi
1071 4209 1103 4265 et
1117 4203 1150 4265 in
1164 4200 1246 4282 loco,
1270 4220 1334 4284 quo

131 4428 159 4486 9.
240 4428 341 4481 'nno
359 4431 437 4480 Anm.
452 4431 492 4481 13.
511 4430 554 4481 Da
571 4429 657 4480 dieser
676 4430 765 4480 Besita
783 4430 819 4478 im
832 4428 937 4479 Urbare
954 4427 978 4478 A
997 4429 1072 4479 nicht
1089 4428 1163 4478 mehr
1181 4427 1336 4494 anigelihrt

132 4518 208 4582 wird,
226 4534 258 4570 ao
277 4519 345 4584 liegt
362 4518 406 4569 die
423 4517 565 4567 Annahme
583 4517 739 4578 aubedone
757 4516 804 4567 das
822 4515 885 4566 sert
903 4515 1049 4568 denselben
1068 4530 1160 4581 wegen
1179 4515 1226 4566 der
1243 4515 1334 4566 Niobe

133 4606 275 4672 erlflllung
294 4605 341 4657 der
359 4606 587 4656 iibernommenen
601 4605 804 4670 Verpfliehtung
822 4604 922 4654 wieder
940 4604 1036 4654 verlor.

136 4725 180 4778 1⁰.
242 4738 255 4760 ¹
274 4729 304 4778 A.
323 4729 487 4778 numerabili.

1146 4814 1179 4860 2*
