3400 5350
1291 419 1332 484 21

134 616 307 689 episcopatis
337 616 408 671 iuris
438 616 513 672 iacet
540 622 657 689 excepto
684 635 771 673 censu
798 618 835 673 dc
861 618 978 689 publica
1004 619 1066 689 via,
1094 617 1334 675 Chunihohstetin

133 722 235 777 vineas
262 721 290 776 V
316 726 346 776 ct
372 720 533 793 dimidiam,
561 722 739 777 Zeizinruura
769 720 941 777 beneficium
967 723 1135 796 Reginoldi,
1163 724 1333 798 Gukkingin

134 826 236 882 vincas
265 825 298 880 II
326 844 390 881 cum
420 826 553 881 omnibus
579 827 757 899 appendiciis
784 827 852 898 suis,
880 825 1079 901 Chirchlingin
1106 846 1236 883 mansum
1263 829 1278 883 I
1304 835 1333 884 et

133 931 249 987 vincam
282 930 309 1001 I,
335 929 560 986 Viscahmundi⁸
589 948 719 986 munaum
746 931 771 1003 I,
798 931 873 985 Muri
900 932 1128 1003 decimationem,
1163 924 1205 988 ad
1235 925 1333 990 Sanc·

134 1038 202 1092 tam
225 1026 446 1093 Petronellam
469 1026 639 1105 ecclesiam
667 1050 741 1092 cum
771 1026 984 1094 decimatione
1014 1028 1057 1093 ad
1086 1028 1333 1114 Hciminburch,

131 1130 460 1218 Aschrichisprucca,
483 1130 615 1197 Houilin
638 1129 734 1196 etde
758 1133 873 1209 ceteris
895 1132 988 1217 villis,
1012 1153 1075 1219 que
1102 1136 1265 1218 pertinent
1290 1133 1333 1198 ad

132 1235 288 1322 predium
303 1234 470 1322 Dietpoldi
492 1234 696 1320 marchionis,
721 1234 981 1320 decimationem
1005 1246 1133 1301 Studaha
1155 1265 1272 1302 mansus
1293 1247 1332 1316 X,

132 1348 270 1404 Aschaha
284 1349 384 1406 vineas
399 1348 440 1419 H,
456 1348 622 1421 Huuiabcrg
637 1366 767 1404 mausum
783 1349 808 1420 I,
824 1349 912 1405 Halia
926 1351 1035 1406 curtalo
1050 1351 1065 1405 I
1081 1356 1109 1406 ct
1123 1357 1239 1423 sartago
1254 1352 1279 1421 I,
1296 1354 1332 1407 ad

131 1453 225 1509 Steiui
241 1451 412 1509 beneficium
424 1452 555 1525 Pcailini,
568 1453 599 1507 in
614 1453 765 1525 parrochia
780 1446 937 1509 Chremisi¹
953 1454 1100 1510 dimidiam
1116 1455 1332 1511 decimationem

131 1558 204 1629 vini,
221 1576 281 1629 que
297 1563 368 1613 tunc
382 1557 423 1612 ibi
437 1558 495 1613 fuit
508 1558 554 1615 vel
575 1558 711 1630 deinceps
725 1559 899 1630 pervenerit,
921 1558 1103 1615 Tiemindorf
1121 1565 1150 1615 et
1167 1536 1336 1616 Hunindorf

131 1663 364 1733 decimationem,
375 1662 849 1735 Ramuoldispachdccimationcm
865 1669 895 1719 ct
905 1681 1036 1719 mansum
1051 1664 1076 1735 I,
1092 1664 1248 1721 Proindori
1259 1665 1334 1720 deoi-

131 1768 289 1823 mationem
304 1773 334 1822 et
349 1784 479 1822 mansum
489 1765 515 1838 I,
528 1765 692 1839 Gogindori
704 1785 835 1822 maneum
850 1768 875 1839 1,
888 1766 985 1824 chesi
1000 1756 1226 1840 decimationem,
1239 1769 1332 1824 Heiai·

131 1871 318 1928 manniadort'
326 1889 442 1927 maneus
453 1871 526 1942 1111,
539 1871 734 1927 Straueisdorf
747 1872 963 1928 decimationem
975 1877 1004 1928 ct
1015 1892 1129 1929 mansos
1140 1873 1181 1945 II,
1198 1874 1332 1929 Zeiuarin

131 1994 249 2032 mansos
270 1975 303 2030 11
323 1982 352 2033 et
371 1976 493 2031 curtalia
512 1974 596 2046 VIII,
618 1975 784 2031 Boreiadori
801 1995 931 2032 mansum
950 1977 965 2031 I
987 1978 1142 2049 liberalem,
1163 1978 1336 2034 Porcindorf

130 2100 248 2137 mansos
265 2079 341 2151 1111,
353 2080 545 2138 Gunaarvcldi
561 2081 788 2151 decimationem,
801 2081 996 2154 Egizinisdorf
1009 2100 1122 2138 mansos
1134 2082 1190 2157 111,
1203 2082 1331 2155 Hagnia-

130 2185 263 2240 brunnin
290 2203 421 2240 mansum
447 2185 462 2239 Ι
469 2226 477 2256 ,
506 2185 651 2258 mancipia
676 2186 712 2240 de
737 2185 896 2257 Matkowa,
923 2186 1029 2257 quibus
1054 2187 1129 2242 Pero
1159 2187 1332 2242 camerarius

130 2295 258 2362 preerat,
275 2290 421 2362 mancipia
435 2289 588 2362 Eigilberti
603 2289 833 2362 archipresbiteri
849 2291 882 2347 et
903 2282 1074 2359 ecclesiam
1100 2281 1189 2368 apud
1211 2282 1331 2348 Nuliub

131 2409 207 2451 cum
231 2385 309 2451 dote
331 2396 365 2452 et
387 2385 601 2450 decimatione
624 2395 657 2450 et
678 2385 826 2451 omnibus
841 2385 883 2451 ad
900 2409 973 2451 eam
987 2386 1232 2473 pertinentibus
1249 2388 1332 2452 sicut

131 2490 330 2556 Wolfkerus
350 2489 517 2575 habuerat,
535 2499 567 2556 et
582 2490 828 2556 decimationem
848 2490 891 2556 ad
906 2489 1122 2576 Erthpurchss,
1138 2513 1235 2577 quam
1251 2492 1330 2577 Sigi-

130 2594 206 2660 boto
231 2594 275 2659 de
298 2594 473 2660 Bornheim
495 2597 527 2659 in
550 2597 714 2681 presentia
741 2595 875 2660 militum
902 2617 1047 2660 meorum
1074 2595 1152 2661 mihi
1179 2594 1330 2680 reddidit,

131 2724 192 2787 ego
207 2672 383 2766 bdalricus
407 2699 460 2765 dei
481 2701 587 2785 gratia
610 2701 780 2786 episcopus
802 2699 878 2764 huic
900 2700 970 2765 loco
994 2700 1046 2765 dei
1068 2702 1231 2786 genitricis
1254 2723 1330 2766 con·
1355 2742 1357 2745 <

131 2805 234 2870 firmo.
279 2812 310 2868 Si
337 2813 402 2884 quis
428 2813 517 2886 igitur
542 2812 635 2871 divini
660 2813 798 2868 examinis
824 2813 931 2868 oblitus
953 2813 1105 2884 quicquam
1133 2814 1234 2869 horum
1260 2828 1330 2891 pre·

130 2911 306 2995 sumpserit
327 2908 516 2993 infringere,
538 2917 646 2972 iudicio
668 2917 786 2989 spiritus
808 2918 901 2972 sancti
924 2917 1101 2972 decernimus
1128 2935 1193 2973 eum
1215 2918 1330 2973 anathe-

131 3024 214 3078 matis
229 3022 348 3081 vinculo
368 3021 527 3095 obligatum
541 3039 603 3078 esse
623 3035 662 3078 ac
684 3012 784 3078 veluti
808 3012 917 3089 divine
940 3021 973 3076 et
994 3012 1134 3089 humane
1156 3010 1237 3097 legis
1248 3035 1329 3098 pre·

131 3122 296 3184 varicator
319 3117 373 3184 hic
395 3120 483 3182 etin
505 3118 614 3182 futuro
637 3116 757 3204 duplici
781 3117 987 3183 damnatione
1008 3118 1169 3203 punietur.

234 3293 264 3344 S.
276 3292 301 3342 d.
315 3293 346 3343 B.
360 3292 463 3354 Ulrich,
482 3293 635 3359 ungeiiirbt,
652 3294 680 3341 in
694 3292 741 3343 der
752 3294 830 3343 Mitte
842 3293 1054 3353 durchhrochen,
1072 3292 1178 3344 Abbild.
1193 3293 1238 3342 bei
1256 3292 1330 3343 Han-

130 3381 224 3442 tlraler,
249 3380 388 3462 Recenspa
409 3379 474 3444 dipi-
491 3380 513 3442 Ι,
535 3379 613 3430 Taiel
634 3381 651 3429 4
675 3382 741 3429 nul
761 3396 788 3430 u.
807 3380 927 3458 Eucti—er,
950 3379 1066 3441 dustria,
1089 3379 1167 3430 Tasel
1193 3381 1225 3429 10
1248 3397 1287 3431 nr.
1305 3383 1328 3430 3.

131 3467 266 3519 Umachr.:
289 3468 308 3531 †
325 3482 332 3495 ·
349 3466 552 3518 ODALRIGVS
564 3481 570 3492 ·
583 3465 819 3517 Paravlansls
832 3482 838 3494 ·
853 3467 926 3518 EPS.

172 3711 271 3805 11.1
761 3715 844 3772 roos
861 3711 1051 3792 [september
1065 3716 1095 3782 o,
1111 3710 1286 3792 uouworgp

130 3884 270 3966 Boeotos
286 3882 399 3950 Uirioit
421 3883 449 3948 I.
473 3905 533 3948 von
554 3883 682 3948 Passuri
709 3883 856 3966 desidiipt
882 3884 952 3947 dem
974 3883 1072 3965 Stifte
1093 3883 1248 3966 uottwety
1270 3885 1330 3948 deo

131 3989 241 4055 Besita
263 3990 321 4053 der
336 3987 480 4070 Pfurrcu
501 3989 666 4070 Moutera,
689 3987 873 4068 Mottiana,
897 3987 993 4067 Nato,
1016 3987 1184 4069 Petroueil,
1207 3987 1329 4068 Kotteu

131 4094 222 4175 Kab,
254 4093 368 4175 dero
398 4094 457 4157 mit
486 4093 581 4158 deren
615 4094 827 4176 aspepebeuen
857 4092 1017 4174 Greneon,
1052 4093 1146 4159 sowie
1174 4092 1330 4157 benenato

657 4196 801 4262 Zeiwnte.

232 4373 308 4439 Orig.
327 4371 384 4439 (Δ),
410 4372 487 4440 Perg.
505 4372 703 4440 feuchtfleckig.
739 4372 828 4439 Siegel
856 4388 891 4423 an
917 4372 1129 4440 Perg.·Streiien
1156 4373 1327 4439 beschddigt3

129 4459 225 4512 code
244 4460 262 4510 s.
278 4461 331 4511 298
346 4459 364 4509 i.
378 4458 431 4526 (B).

128 4615 170 4670 lt.
227 4629 240 4652 ·
257 4617 276 4668 Ιι
299 4633 354 4667 von
372 4615 493 4683 gleichcr
509 4615 590 4667 Hand
609 4618 675 4668 dber
692 4616 740 4667 der
752 4616 827 4668 Zeile
844 4617 1052 4683 nachgetragcn.
1071 4644 1104 4654 -
1123 4616 1241 4668 ‘Ueber
1258 4620 1328 4668 eoin

128 4705 233 4758 Accone
253 4734 287 4744 -
306 4715 322 4748 ⁸
340 4705 397 4755 Das
419 4705 513 4755 aweite
530 4723 546 4754 r
564 4720 616 4754 von
638 4705 758 4770 gleichcr
780 4705 862 4756 Hand
880 4706 948 4755 tiber
964 4704 1011 4755 der
1028 4704 1103 4755 Zoilo
1121 4706 1327 4772 nachgstragen.
