3400 5350
370 621 448 688 200.
898 625 981 682 1296
999 625 1128 683 Febr-nar
1143 624 1194 690 22,
1211 624 1475 695 Klosteruculrurg.
1574 707 1579 716 .

326 796 443 877 Propst
464 794 616 859 Hadmor
642 794 710 858 und
738 794 797 858 dus
819 791 945 875 Capitol
971 814 1032 857 oon
1054 790 1324 875 Klosteraeuburp
1351 790 1523 875 bestitipca

327 901 388 964 dea
412 899 558 981 Verbalis
582 900 667 963 eines
695 901 732 963 ia
762 897 813 962 ibr
835 896 988 979 Hospitol
1017 896 1220 961 dieaatburen
1241 895 1459 979 Weinpurtcna
1486 898 1522 961 iu

385 1004 455 1069 dero
476 1002 687 1087 Weiuprubea
709 1024 753 1067 un
776 1000 930 1086 Gittweip
951 1003 1065 1067 senaa
1087 1002 1140 1066 des
1162 1000 1283 1067 Noturs
1305 1000 1462 1066 Gebhard.

431 1180 504 1245 Orig.
523 1178 577 1245 (A),
596 1179 673 1246 Perg.
692 1179 852 1245 roatfleckig.
889 1178 961 1228 Zwai
985 1177 1075 1242 Siegel
1097 1192 1132 1226 an
1150 1176 1369 1242 Perg.·Streilen;
1392 1175 1476 1242 Cupie
1493 1177 1524 1226 in

328 1266 426 1318 Comi)
445 1266 462 1317 f,
476 1268 506 1316 81
523 1266 575 1332 (B).

432 1382 537 1442 Karlin,
556 1382 606 1431 346
625 1397 664 1430 nr.
679 1381 719 1430 76.

433 1495 494 1561 Vgl.
513 1512 552 1546 nr.
574 1497 632 1544 162.

434 1651 501 1716 Nos
524 1650 711 1716 Hadmarns
743 1651 795 1714 dci
818 1651 929 1735 gracia
952 1651 1134 1734 prepositus
1156 1657 1324 1735 totumque
1347 1649 1525 1735 capitulum

330 1756 465 1821 ecclesie
495 1754 765 1840 Nevnbnrgensis
795 1764 907 1819 tenore
937 1755 1141 1840 presencium
1171 1754 1361 1840 profitemur
1390 1761 1423 1819 et
1452 1775 1525 1818 con·

330 1869 415 1926 stare
438 1859 588 1926 volumus
610 1870 677 1925 tam
700 1859 906 1945 presentibus
930 1880 1027 1945 qnam
1044 1858 1172 1940 futuris,
1197 1857 1284 1944 qnod
1301 1856 1458 1923 discretus
1474 1861 1527 1923 vir

330 1964 526 2032 Gebhardna
549 1967 693 2030 notarius
717 1986 817 2029 unum
840 1966 933 2048 inger
957 1962 997 2028 de
1020 1965 1117 2027 vinea
1140 1962 1227 2027 diota
1256 1964 1289 2026 in
1320 1961 1394 2027 dem
1415 1962 1526 2027 Wein·

329 2069 476 2155 graben¹
508 2072 606 2134 sitnm
635 2072 669 2134 in
699 2070 852 2133 anteriori
883 2076 976 2154 parte
1007 2070 1093 2132 cirea
1121 2066 1250 2151 longam
1274 2069 1414 2148 vineam,
1437 2066 1524 2154 qnod

330 2198 350 2239 a
372 2183 483 2239 nostra
505 2174 642 2239 ecclesia
664 2177 734 2239 inre
757 2173 995 2259 emphiteotico‚
1020 2171 1105 2259 quod
1129 2175 1163 2236 in
1185 2171 1313 2256 vulgari
1333 2170 1527 2256 perehrecht

331 2278 459 2363 dicitur,
488 2277 665 2361 obtinebat,
693 2278 841 2343 vendidit
868 2276 1047 2342 venerabili
1074 2275 1185 2341 abbati
1209 2286 1242 2341 et
1265 2277 1440 2340 conventui
1461 2297 1525 2339 mo·

331 2384 464 2448 nestorii
495 2382 727 2449 Ohotwicensis
762 2404 820 2468 pro
854 2384 1019 2466 octoginta
1053 2391 1086 2446 et
1116 2380 1164 2444 VI
1198 2380 1288 2445 libris
1319 2379 1526 2444 denariorum

332 2488 560 2553 Winuensinm
587 2487 869 2553 consencientibus
892 2508 1048 2572 expresse
1071 2507 1180 2550 coram
1202 2485 1295 2550 nobis
1319 2483 1449 2549 domina
1471 2484 1526 2550 So·

331 2592 408 2678 pbia
434 2614 537 2657 uxore
565 2595 633 2657 eins
657 2600 689 2656 et
711 2594 812 2679 ipsius
835 2591 945 2656 liberis
969 2593 1138 2655 universis.
1185 2590 1385 2654 Protestatns
1408 2596 1458 2653 est
1479 2591 1526 2652 in-

331 2720 429 2785 super
451 2700 521 2783 ipse
545 2697 741 2765 Gebhardns
763 2700 796 2762 in
819 2698 990 2783 presencia
1012 2705 1132 2777 nostra,
1156 2695 1243 2780 qnod
1258 2696 1416 2780 premissa
1432 2715 1527 2779 pecu·

333 2804 385 2866 nia
408 2801 470 2867 sibi
493 2804 534 2866 sit
556 2801 757 2886 integraliter
779 2800 953 2887 persoluta.
984 2800 1052 2865 Nos
1075 2802 1185 2886 itaque
1201 2806 1403 2864 contractum
1418 2798 1527 2864 hnins·

332 2906 420 2971 modi
449 2916 554 2972 ratum
586 2916 618 2971 et
647 2914 776 2991 gratnm
803 2905 960 2970 habentes
984 2904 1107 2969 dictum
1130 2906 1223 2988 inger
1245 2914 1317 2989 post
1339 2904 1527 2988 resignatio·

332 3034 406 3076 nem
436 3013 537 3097 ipsius
562 3010 731 3078 Gebhardi
761 3009 896 3076 ecclesie
920 3007 1137 3073 Chotwicensi
1167 3010 1383 3073 concessimus
1414 3015 1447 3072 et
1474 3007 1526 3072 do·

332 3118 482 3181 navimns
515 3117 585 3181 inre
619 3115 775 3201 predicto,
811 3114 899 3201 qnod
932 3116 965 3178 in
1003 3112 1131 3197 vulgari
1167 3112 1361 3198 perchrecht
1397 3111 1526 3194 dicitur,

334 3231 489 3306 perpetuo
513 3218 744 3306 possidendum
767 3218 865 3284 salvis
890 3221 1021 3282 omuino
1045 3216 1283 3282 conditionibus
1313 3216 1527 3303 infrascriptis

333 3322 495 3407 videlicet,
528 3323 616 3410 quod
646 3322 688 3388 ad
719 3322 876 3408 hospitale
909 3331 1054 3387 nostrum
1085 3323 1227 3408 quinque
1258 3343 1339 3385 nrne
1366 3322 1433 3385 vini
1461 3343 1528 3386 crc-

334 3429 454 3493 scentis
483 3430 516 3491 in
547 3430 617 3513 ipso
647 3429 759 3511 ingere
789 3429 919 3492 nomine
949 3428 1026 3491 iuris
1058 3427 1200 3491 montani
1224 3448 1284 3490 neo
1306 3447 1371 3491 non
1393 3448 1452 3512 pro
1475 3425 1527 3491 de

335 3536 429 3616 eima,
460 3554 524 3618 que
555 3531 596 3595 de
624 3531 676 3597 illo
700 3531 847 3615 debetur,
879 3533 971 3595 annis
994 3529 1128 3615 singulis
1151 3531 1384 3594 ministrentur.
1430 3529 1528 3611 Quod

335 3640 361 3702 si
396 3638 568 3701 servicium
602 3635 681 3701 illud
715 3656 774 3722 per
807 3634 889 3700 dnos
923 3656 1024 3699 annos
1059 3635 1227 3699 continuos
1261 3634 1437 3700 obmissnm
1474 3633 1529 3698 vel

336 3743 518 3828 neglectum
548 3743 646 3806 fuerit
676 3762 805 3827 qnoquo
829 3738 935 3821 modo,
966 3738 1167 3824 sepedictum
1190 3742 1283 3824 inger
1306 3739 1347 3803 ad
1371 3737 1528 3823 hospitale

335 3857 480 3913 nostrum
504 3868 579 3912 cum
601 3848 787 3930 integritate
810 3844 994 3910 omnimoda
1017 3842 1218 3909 devolvetur.
1253 3842 1426 3908 Vendendi
1449 3863 1528 3906 vero

336 3962 369 4017 et
398 3951 564 4036 obligandi
593 3972 652 4016 sen
680 3952 714 4016 in
745 3971 899 4035 personas
926 3948 1006 4014 alias
1030 3946 1167 4014 eandem
1190 3949 1319 4011 vineam
1341 3949 1411 4012 inre
1434 3946 1528 4011 simili

335 4054 552 4123 transferendi
581 4055 711 4142 plenam
741 4053 875 4119 habebit
902 4053 1135 4119 Chotwicensis
1166 4050 1302 4117 ecclesia
1331 4051 1528 4134 facultatem,

336 4161 512 4228 dummodo
535 4183 593 4247 per
616 4182 684 4245 nos,
716 4159 872 4246 quicquid
894 4158 1007 4224 talium
1029 4159 1150 4222 factum
1172 4157 1280 4238 fuerit,
1311 4157 1528 4222 confirmetur.

335 4271 382 4337 Ut
415 4276 523 4334 autem
559 4269 645 4332 circa
679 4273 881 4331 contractum
911 4263 1095 4330 huiusmodi
1126 4274 1158 4327 et
1188 4261 1413 4327 nichilominus
1443 4263 1529 4326 circa

337 4374 565 4440 donationem·
597 4381 629 4436 et
659 4372 900 4436 concessionem
930 4369 1050 4434 saetam
1081 4392 1101 4433 a
1130 4368 1222 4433 nobis
1253 4367 1356 4432 omnis
1390 4367 1531 4431 evitetur

337 4579 405 4636 200.
444 4593 458 4616 ⁸
473 4600 499 4632 m
517 4583 546 4632 in
565 4581 682 4633 dmentem
699 4596 747 4631 aus
765 4597 784 4629 n
802 4579 946 4645 corrigiert.

442 4702 452 4734 ¹
472 4705 521 4754 162
540 4704 616 4753 Anm.
632 4706 654 4754 l.
