3400 5350
1297 411 1361 478 223

163 602 391 687 [Winkehel]·
413 604 572 689 irinsigel
587 626 631 668 an
646 606 674 668 ir
693 613 755 669 etat
776 603 926 689 gegeben
946 607 1092 669 seinem⁰
1115 603 1276 688 eschinei,
1300 604 1361 669 daz

163 709 191 771 ir
212 715 271 792 gut
293 708 390 791 [wille
413 707 480 794 bey
505 707 563 773 der
586 709 684 773 saobe
707 710 783 792 ist]·
805 730 966 792 gewesen.
998 708 1067 773 Des
1084 711 1146 773 sint
1161 710 1250 794 ziug:
1274 709 1361 775 Wei-

164 813 257 878 ohart
270 836 334 878 von
349 813 624 900 Planobenstayn,
640 814 697 879 Ott
711 836 775 879 von
792 812 1062 897 Weissenberoh,
1083 813 1245 899 [Wulfing
1259 813 1361 897 und]·

163 917 391 1000 Wern[bart]⁸
414 940 478 983 uon
501 916 628 1002 [dem]·
644 917 833 1001 Haevslein,
850 918 961 984 Vlrieh
986 918 1047 983 der
1061 918 1154 983 Plum
1175 918 1243 983 und
1258 918 1361 983 ander

164 1021 279 1108 piderb
294 1021 389 1087 laeut.
421 1023 491 1088 Der
505 1022 609 1106 b[rief
626 1025 668 1087 ist
689 1022 840 1109 gegeben
864 1021 946 1088 daos
961 1023 1172 1108 Wisendarff‚
1197 1022 1275 1106 da]³
1296 1045 1360 1088 von

164 1125 307 1192 Christes
329 1126 463 1212 ge[burt
484 1149 595 1192 waren
617 1128 841 1213 zer]gangen⁸
856 1136 984 1193 tousent
997 1129 1045 1191 iar
1061 1128 1204 1214 [away]⁸
1220 1127 1362 1192 hundert

165 1232 226 1313 [iar
248 1254 290 1295 an
313 1230 389 1295 dem
411 1230 518 1318 syben
540 1230 608 1296 und
631 1231 845 1297 neunzkisten
869 1232 953 1315 iar]⁸
976 1254 1019 1297 an
1034 1231 1116 1297 send
1132 1232 1360 1318 [Peterstag].¹

266 1443 288 1493 I.
306 1442 333 1494 S.
343 1442 368 1494 d.
378 1442 481 1495 Ortiieb
494 1459 520 1493 v.
530 1443 640 1495 Winkel
652 1443 790 1510 dreieokig
800 1442 922 1513 (38:35),
932 1444 1083 1511 ungeftrbt,
1096 1444 1135 1495 IV
1144 1445 1168 1494 A
1181 1447 1205 1494 2.
1224 1444 1359 1496 Umsobr.:

164 1530 181 1596 †
199 1530 225 1580 S.
243 1528 412 1596 [ORJmBl
422 1545 428 1557 ·
439 1532 464 1581 D
476 1569 482 1580 .
496 1570 502 1581 .
517 1530 827 1582 [benemeritis.
846 1532 902 1582 Das
920 1531 1059 1598 steigsnde
1076 1531 1206 1582 Eiuhorn.
1228 1559 1259 1569 ——
1279 1534 1313 1583 11.
1332 1533 1358 1584 S.

164 1617 189 1667 d.
202 1617 301 1668 Albero
318 1634 344 1668 v.
358 1618 524 1670 Rottenmein
542 1619 680 1684 dreieolrig
698 1616 759 1686 (362
770 1616 823 1684 34),
841 1618 993 1685 ungeiirbt,
1011 1619 1082 1668 IVA
1095 1620 1119 1668 2.
1142 1618 1278 1671 Umsehr.:
1299 1620 1315 1686 †
1333 1619 1359 1670 8,

164 1704 362 1757 ALBGRONIS
373 1720 379 1733 ·
389 1706 692 1759 Ire-Rouensuslrs.
730 1706 886 1774 Gespalten,
904 1707 1027 1758 sweimal
1045 1706 1109 1758 halb
1127 1707 1248 1773 getheilt.

210 1982 287 2052 208.
916 1991 999 2048 1298
1015 1991 1097 2049 biars
1112 1991 1142 2058 4,
1159 1992 1316 2065 (ibttweig.

166 2193 291 2276 Hessos
319 2193 468 2260 Albreebt
489 2193 518 2258 I.
542 2214 602 2258 von
625 2192 816 2259 Oeeterreiob
845 2194 957 2275 befreit
987 2193 1049 2259 alle
1078 2193 1266 2278 Gottweiper
1296 2195 1361 2260 Be·

165 2300 331 2381 eitsunqea
356 2318 417 2363 voa
437 2298 530 2380 jeder
551 2298 694 2380 frendes
717 2298 985 2365 Geriebtebarkeit
1009 2320 1105 2383 pepon
1131 2299 1183 2364 die
1203 2300 1363 2380 jc's'brb'ebe

165 2402 382 2486 Entriebtuap
410 2422 472 2468 von
500 2406 565 2469 200
587 2403 664 2467 Met
686 2402 793 2485 Hafer
813 2405 851 2467 in
880 2404 941 2467 des
967 2403 1180 2486 bersoplieben
1206 2402 1362 2469 Getreide-

616 2508 726 2573 sesses
748 2509 784 2572 ia
806 2506 907 2573 Wien.

271 2684 354 2750 Cupie
371 2685 400 2734 in
419 2684 517 2735 Oeno
534 2684 552 2734 f.
566 2685 618 2735 284
636 2683 689 2752 (B).

270 2805 375 2868 Karlin,
393 2807 445 2856 ete
463 2822 503 2857 nr.
516 2807 558 2868 78,
576 2806 744 2857 irrthbmlio'n
763 2823 796 2857 su
817 2808 884 2858 1298
902 2807 1007 2858 Marsi
1025 2806 1182 2872 singereiht.

271 2926 317 2978 Als
331 2928 507 2979 Vorurkunde
525 2928 616 2980 diente
633 2945 673 2980 ur.
686 2930 728 2979 57.

271 3116 338 3181 Nos
360 3117 515 3183 Albertus
546 3117 598 3183 dei
628 3121 732 3202 gratia
763 3118 831 3183 dux
854 3118 985 3183 Austris
1016 3127 1049 3183 et
1077 3117 1182 3201 Stirie,
1215 3119 1361 3185 dominus

167 3220 325 3306 Carniole,
348 3222 496 3289 Marebie
518 3246 558 3288 ao
580 3224 695 3289 Portus
717 3224 839 3289 Naonis
867 3232 1000 3287 omnibus
1019 3230 1126 3287 christi
1150 3231 1283 3287 fidelibus
1302 3238 1362 3288 tam

166 3335 347 3407 presentibus
363 3354 449 3407 quam
464 3335 569 3392 futuris
584 3342 682 3392 notum
699 3354 760 3393 esse
780 3337 921 3407 volumus,
942 3338 1018 3408 quod
1039 3354 1092 3392 nos
1111 3336 1210 3392 abbati
1230 3342 1260 3392 et
1289 3350 1362 3393 con·

167 3435 277 3497 ventui
303 3433 487 3497 monasterii
511 3431 736 3498 Gottwicensis
764 3441 839 3496 hane
858 3442 1070 3513 prerogativam
1090 3440 1272 3510 indulsimus,
1293 3459 1362 3512 qua·

168 3550 251 3600 tenus
270 3545 301 3599 in
329 3536 478 3601 omnibus
504 3546 732 3617 possessionibus
752 3546 842 3618 ipsius
866 3538 1050 3601 monasterii
1072 3546 1138 3602 tam
1161 3538 1242 3601 eitra
1264 3558 1361 3623 quam

168 3640 251 3705 ultra
273 3639 490 3706 Danubium*
521 3650 618 3705 nuilus
637 3667 772 3721 umquam
792 3649 938 3704 hominum
958 3649 1012 3705 sub
1033 3650 1149 3704 nomine
1163 3650 1295 3707 advocati
1312 3654 1363 3704 aut

167 3753 251 3809 iudex
266 3753 313 3811 vel
327 3771 411 3826 preco
431 3755 467 3809 de
486 3759 585 3810 nostra
603 3754 789 3826 permissione
804 3754 850 3811 vel
866 3754 988 3808 alieuius
1004 3752 1091 3809 officii
1108 3754 1154 3811 vel
1169 3754 1268 3809 iudicii
1284 3771 1362 3809 oeoa-

168 3858 247 3913 sione
261 3858 369 3914 eisdem
384 3858 523 3914 fratribus
537 3858 671 3915 iniuriam
687 3857 793 3914 inferat
808 3859 854 3916 vel
869 3857 1013 3913 offendere
1027 3863 1173 3929 presumat
1184 3875 1218 3912 ea
1230 3857 1363 3915 videlieet

168 3963 346 4033 condicione,
366 3969 400 4018 ut
418 3982 470 4035 pro
497 3956 566 4020 iure
590 3955 766 4020 advocacie
789 3975 829 4019 ao
852 3962 963 4018 iustitia
977 3959 1103 4018 nostra*
1124 3962 1179 4033 ipsi
1195 3961 1297 4017 fratres
1312 3962 1362 4015 du·

169 4073 266 4123 sentos
281 4068 390 4123 modios
405 4085 497 4125 avene
511 4068 662 4125 annuatim
677 4067 761 4123 nobis
780 4068 955 4139 persolvant.
988 4067 1070 4133 Quod
1093 4067 1117 4121 si
1145 4079 1223 4122 vero
1250 4064 1297 4120 fur
1316 4065 1363 4121 vel

169 4179 282 4245 raptum
297 4172 407 4229 faciens
422 4178 474 4228 aut
488 4173 561 4228 latro
577 4173 607 4227 in
623 4172 850 4246 possessionibus
866 4172 992 4243 ipsorum
1007 4172 1110 4229 morto
1126 4161 1362 4247 condempnan-

170 4267 231 4332 due
257 4274 482 4349 deprehensus*
505 4276 602 4347 fuerit,
632 4267 720 4333 huno
749 4267 850 4333 iudex
877 4277 986 4333 noster
1012 4268 1201 4332 auctoritate
1234 4269 1363 4353 propria

170 4394 233 4437 non
262 4371 442 4459 usurpabit,
473 4372 530 4437 sed
561 4375 694 4438 retentis
724 4371 818 4437 bonis
840 4371 940 4456 illum,
968 4380 1043 4435 sieut
1058 4380 1174 4452 cingulo
1197 4373 1362 4435 accinctus

170 4476 275 4561 suerit,
302 4486 410 4542 nostro
436 4476 535 4541 iudici
557 4477 702 4541 homines
725 4477 862 4541 eoolesie
884 4474 1105 4561 assignabunt.
1151 4483 1286 4539 Preterea
1306 4489 1362 4539 sta·

171 4589 286 4661 mimus,
307 4595 341 4645 ut
366 4581 548 4667 predictum
574 4590 714 4662 pabulum
740 4584 841 4667 ipsius
868 4581 1051 4646 monasterii
1078 4579 1172 4646 nobis
1199 4582 1362 4666 porrigen-

173 4684 247 4750 dum
278 4694 353 4751 ante
382 4686 501 4755 festum
530 4685 617 4751 beati
647 4684 813 4751 Michaelis
843 4687 875 4750 in
906 4688 1057 4772 granano
1086 4695 1195 4753 nostro
1223 4685 1362 4750 Wieune
