3400 5350
368 400 411 464 26

368 591 500 656 tutelam
524 590 697 676 apostolice
712 590 799 655 sedis
817 592 1004 676 excipimus.
1033 591 1096 655 Per
1117 590 1275 676 presentis
1290 592 1387 675 igitur
1401 588 1560 675 privilegii

367 698 520 781 paginam
551 694 725 782 apostolica
754 696 943 759 auctoritate
975 696 1152 779 statuimus,
1180 703 1217 758 ut
1246 715 1437 779 quecunque
1464 692 1560 758 hodie

367 800 454 866 idem
477 799 647 866 cenobium
670 800 813 886 possidet
834 802 903 864 sive
925 799 1117 865 infuturum
1140 801 1346 864 concessione
1362 798 1559 884 pontificum,

368 905 560 970 liberalitate
582 906 764 991 principum
786 904 839 969 vel
854 904 1014 969 oblatione
1037 903 1180 968 fidehum
1195 904 1277 967 iuste
1293 912 1389 988 atque
1405 904 1559 967 canonico

368 1011 483 1095 poterit
504 1008 651 1095 adipisci,
673 1009 767 1074 firma
789 1008 846 1073 tibi
868 1010 996 1094 tuisque
1018 1008 1258 1072 successoribus
1281 1016 1313 1071 et
1338 1005 1460 1071 illibata
1490 1029 1559 1092 per·

368 1122 528 1178 maneant.
575 1113 791 1178 Decernimus
825 1135 913 1199 ergo,
943 1123 979 1178 ut
1007 1112 1085 1177 nulli
1114 1113 1241 1177 omniuo
1271 1111 1435 1176 hominum
1464 1110 1561 1175 liceat

367 1216 471 1283 idem⁶
484 1219 712 1283 monasterium
722 1226 844 1282 temere
856 1216 1046 1302 perturbare
1058 1226 1114 1282 aut
1124 1217 1192 1281 eius
1204 1218 1420 1302 possessiones
1431 1215 1559 1280 auferre

367 1321 420 1386 vel
435 1322 560 1387 ablatas
575 1324 723 1406 retinere,
740 1323 885 1388 minuere
908 1321 961 1387 vel
976 1323 1154 1386 temerariis
1170 1320 1397 1385 vexationibus
1412 1320 1558 1406 fatigare,

366 1426 425 1491 sed
440 1427 548 1491 omnia
567 1428 694 1511 integra
714 1436 946 1491 conserventur
965 1447 1086 1508 eorum,
1103 1448 1160 1512 pro
1176 1447 1313 1512 quorum
1329 1426 1558 1491 sustentatione

367 1539 399 1594 et
420 1530 653 1616 gubernatione
677 1552 831 1596 concessa
846 1540 930 1614 sunt,
946 1529 1058 1595 usibus
1074 1529 1263 1596 omnimodis
1284 1529 1450 1615 profutura
1470 1530 1559 1595 salva

367 1635 568 1699 Pataviensis
592 1636 735 1721 episcopi
757 1636 915 1699 canonica
937 1637 1130 1720 reverentia,
1154 1638 1206 1699 cui
1227 1646 1336 1700 tamen
1352 1637 1481 1700 omnino
1496 1657 1558 1700 non

366 1738 463 1803 liceat
486 1740 688 1804 exactionem
710 1737 853 1824 aliquam
882 1738 935 1804 vel
966 1738 1239 1816 consuetudinem,
1271 1762 1335 1825 que
1364 1739 1559 1823 regularium

368 1844 467 1928 quieti
489 1851 614 1925 noceat,
638 1844 790 1927 irrogare.
834 1843 905 1907 Nec
936 1844 1104 1928 episcopo⁴¹
1135 1852 1243 1908 autem
1270 1866 1332 1909 nec
1362 1843 1473 1908 abbati
1500 1846 1560 1931 ipsi

369 1969 431 2011 nec
453 1956 607 2031 persone⁰
632 1947 728 2011 alicui
756 1946 893 2012 facultas
920 1949 959 2012 sit
994 1947 1120 2013 cenobii
1147 1946 1233 2013 hona
1261 1950 1296 2014 in
1324 1947 1459 2013 feudum
1490 1950 1559 2013 sive

364 2050 560 2116 heneficium
582 2053 651 2116 sine
675 2052 850 2116 consensu¹
875 2051 1043 2117 meliorum
1069 2052 1206 2116 fratrum
1226 2055 1372 2138 personis
1399 2052 1559 2138 aliquibus

367 2155 456 2241 dare,
487 2155 540 2220 vel
563 2155 665 2221 modis
696 2156 765 2221 aliis
794 2156 947 2221 alienare.
982 2156 1068 2223 Sane
1099 2157 1297 2244 sepulturam
1324 2156 1470 2222 eiusdem
1500 2157 1560 2222 loci

369 2263 497 2326 omnino
524 2260 660 2326 liberam
691 2282 762 2326 esse
793 2260 1006 2344 decernimus,
1036 2271 1072 2326 ut
1103 2283 1222 2345 eorum,
1253 2263 1308 2347 qui
1337 2261 1401 2325 illic
1431 2261 1560 2347 sepeliri

367 2364 627 2450 deliberaverint,
651 2364 813 2430 devotioni
836 2373 869 2430 et
892 2374 1036 2430 extreme
1059 2366 1224 2449 voluntati,
1248 2368 1308 2430 nisi
1331 2365 1411 2429 forte
1432 2388 1558 2430 exeom-

365 2472 517 2534 municati
540 2472 613 2553 sint,
636 2468 742 2534 nullus
765 2469 908 2534 obsistat.
943 2470 1059 2535 Laicos
1082 2472 1151 2535 sive
1175 2470 1309 2534 clericos
1332 2469 1494 2535 seculares
1516 2470 1560 2536 ad

366 2575 609 2639 couversionem
632 2576 796 2660 suscipere
818 2573 935 2638 nullius
958 2577 1100 2659 episcopi
1115 2574 1166 2638 vol
1182 2576 1335 2660 prepositi
1351 2574 1560 2640 contradictio

364 2702 422 2746 vos
445 2679 618 2745 inhibeat¹³
663 2679 814 2745 Obeunte
836 2688 869 2744 te
899 2702 985 2745 nunc
1015 2683 1084 2744 eius
1113 2680 1174 2745 loci
1202 2679 1321 2745 abbate
1351 2679 1404 2744 vel
1433 2690 1560 2745 tuorum

365 2785 526 2871 quolibeth
549 2807 771 2850 successorum
794 2784 900 2850 nullus
924 2785 968 2849 ibi
983 2784 1126 2870 qualibet
1141 2787 1349 2869 surreptionis
1364 2786 1483 2850 astutia
1499 2807 1556 2849 seu

365 2887 517 2954 violentia
539 2898 746 2975 preponatur,
769 2891 829 2954 nisi
859 2911 956 2975 quem
985 2889 1102 2953 fratres
1132 2892 1293 2954 communi
1321 2910 1480 2954 consensu
1507 2888 1561 2953 vel

365 2995 499 3059 fratrum
522 3016 597 3082 pars
625 2994 747 3060 consilii
778 2996 912 3059 sanioris
940 2992 1120 3058 secundum
1151 2992 1203 3057 dei
1234 2995 1379 3059 timorem
1411 3001 1443 3059 et
1471 2993 1559 3058 beati

363 3098 533 3165 Benedicti
561 3098 707 3184 regulam
735 3099 901 3184 elegerint.
937 3098 971 3164 Si
1000 3120 1064 3184 qua
1093 3099 1190 3182 igitur
1220 3096 1439 3163 ecclesiastiea
1470 3121 1560 3164 secu·

364 3202 481 3268 larisve
504 3225 644 3289 persona
667 3203 752 3268 hanc
767 3212 876 3268 nostre
892 3204 1124 3268 consttutionis
1147 3205 1300 3288 paginam
1323 3204 1429 3267 sciens
1445 3212 1558 3268 contra

367 3329 437 3371 eam
460 3315 582 3371 temere
605 3309 716 3371 venire
740 3308 955 3391 temptaverit,
979 3305 1123 3371 secundo
1145 3308 1281 3371 tertiove
1305 3308 1508 3391 commonita,
1532 3309 1558 3370 si

366 3432 430 3474 non
452 3409 670 3474 satisfactione
694 3431 837 3494 congrua
857 3409 1088 3492 emendaverit,
1112 3412 1277 3495 potestatis
1292 3410 1486 3496 honorisque
1510 3412 1559 3474 sui

364 3512 518 3599 dignitate
552 3523 662 3578 careat
693 3535 848 3599 reamque
885 3536 920 3579 se
955 3513 1062 3578 divino
1096 3513 1214 3579 iudicio
1245 3517 1385 3579 existere
1416 3512 1457 3578 de
1489 3537 1558 3600 por·

364 3625 489 3703 patrata
512 3619 677 3704 iniquitate
709 3627 883 3703 cognoseat
913 3627 945 3682 et
971 3641 991 3682 a
1018 3620 1232 3683 sacratissimo
1260 3640 1393 3704 corpore
1421 3641 1461 3682 ac
1489 3641 1557 3684 san-

363 3724 461 3807 guine
489 3722 541 3786 dei
564 3731 597 3786 et
620 3721 738 3786 domini
768 3721 979 3808 redemptoris
1009 3724 1109 3788 nostri
1130 3724 1211 3788 Jesu
1233 3722 1352 3789 Christi
1375 3722 1560 3788 alienafiat

363 3834 461 3911 atque
487 3827 520 3890 in
547 3834 693 3891 extremo
720 3827 871 3891 examine
902 3826 1045 3891 districte
1074 3826 1185 3891 ultioni
1213 3827 1388 3891 subiaceat.
1426 3827 1558 3893 Cunctis

364 3940 472 3994 autem
495 3929 601 3996 eidem
622 3929 692 3995 loeo
715 3934 798 3996 iusta
821 3932 1025 3997 servantibus
1048 3934 1088 3996 sit
1115 3954 1182 4018 pax
1211 3930 1331 3996 domini
1358 3933 1457 3996 nostri
1483 3933 1558 3997 Iesu

363 4033 496 4118 Christi,
536 4044 694 4120 quatenus
733 4045 765 4102 et
806 4034 859 4100 hic
901 4036 1042 4100 fructum
1084 4036 1168 4102 bone
1206 4038 1340 4102 actionis
1378 4037 1559 4122 percipiant

363 4148 396 4202 et
428 4136 517 4224 apud
547 4139 727 4205 districtum
761 4140 901 4206 iudicem
937 4142 1057 4226 premia
1090 4150 1199 4206 eterno
1231 4144 1320 4228 pacis
1353 4142 1553 4224 inveniant3¹

364 4326 409 4381 12.
470 4340 481 4365 ⁰
497 4333 510 4381 t
526 4332 575 4382 auf
590 4332 683 4382 Rusur.
704 4360 734 4369 -
755 4334 768 4366 ‘¹
785 4350 801 4383 o
819 4334 867 4383 auf
883 4333 976 4384 Rasur.
990 4360 1024 4371 -
1037 4343 1047 4366 ⁰
1060 4333 1116 4383 Das
1133 4332 1215 4385 letata
1233 4349 1247 4383 a
1263 4333 1312 4383 auf
1326 4334 1420 4385 Rasur.
1434 4361 1468 4370 -
1481 4335 1493 4367 ¹
1502 4334 1557 4384 Das

362 4418 458 4468 aweite
475 4434 495 4467 a
511 4418 579 4469 tiber
596 4418 655 4468 dem
674 4419 914 4486 vorausgehenden
930 4439 944 4469 a
962 4420 1170 4486 nachgetragen,
1188 4421 1254 4471 tlher
1272 4419 1331 4470 dem
1350 4438 1367 4469 a
1384 4423 1447 4472 eine
1465 4421 1557 4471 hlaine

362 4504 457 4556 Rusur.
477 4531 509 4542 -
528 4516 542 4547 ε
559 4508 625 4557 theat
643 4507 692 4558 auf
707 4509 800 4559 Rasur.
813 4536 846 4546 ·-
866 4509 879 4541 ¹¹
897 4508 971 4558 Nach
990 4525 1005 4557 o
1023 4509 1084 4558 eine
1109 4508 1200 4558 hlaine
1218 4508 1312 4568 Rasur,
1333 4507 1555 4560 wahrsoheinlich

364 4590 441 4641 stand
460 4590 519 4643 hier
537 4594 605 4644 noch
624 4596 669 4645 ein
686 4595 705 4646 d
722 4612 771 4647 vor
793 4596 810 4646 l.
830 4623 863 4633 -
882 4598 888 4628 ¹
907 4597 961 4646 Das
979 4596 1060 4647 letzte
1077 4602 1086 4646 t
1103 4595 1152 4646 auf
1166 4595 1253 4646 Rasur
1270 4597 1351 4647 sowie
1367 4595 1412 4647 die
1430 4595 1556 4663 fulgenda

369 4677 579 4746 luterpunction.
