3400 5350
1283 415 1343 479 771

195 610 273 680 857.
871 614 955 672 1396
971 614 1203 680 November'lss,
1220 615 1300 671 Rom.

152 803 256 886 Popst
277 802 421 887 Bonifos
443 802 509 869 IX.
534 802 742 885 iacmporiert
763 801 956 971 d'plmeudtifte
978 801 1132 885 Gdttweip
1155 801 1207 866 die
1227 800 1347 885 Psorre

631 928 672 973 aa
694 906 772 972 Pctr
856 958 863 972 .

255 1101 327 1166 Orig.
342 1099 396 1170 (A),
414 1102 492 1168 Perg.
522 1099 658 1152 Bleibulle
676 1116 711 1151 an
730 1098 895 1166 roth-gelber
906 1099 1116 1163 Seidenschnnr3
1136 1098 1220 1166 Copia
1238 1100 1266 1149 in
1279 1098 1343 1150 cod.

151 1189 172 1240 O
191 1189 209 1240 f.
224 1186 286 1239 ³12¹
299 1187 352 1256 (B).

253 1310 309 1360 Aul
319 1309 367 1360 der
378 1310 550 1361 dussenseite
562 1309 608 1360 des
620 1309 709 1375 Buges
727 1308 815 1360 rechts
831 1310 867 1359 ist
878 1324 932 1359 von
943 1308 991 1359 der
1004 1307 1039 1359 H.
1051 1307 1097 1359 des
1109 1307 1344 1359 Urk.-Schreibers

149 1398 295 1449 vermerkt:
315 1398 452 1462 Rescripta
467 1400 562 1463 protie3
581 1396 707 1447 daruntsr
725 1412 777 1447 von
796 1395 911 1447 andater
929 1396 975 1446 Ha
1003 1394 1030 1446 V.
1043 1397 1164 1461 Bortiuc.3
1187 1401 1266 1447 anter
1282 1394 1343 1445 dem

149 1504 225 1568 Buge
248 1501 347 1553 rechts:
376 1502 407 1552 P.
425 1500 457 1552 de
479 1502 570 1566 Berco3
598 1501 668 1551 links
691 1506 771 1552 unter
791 1501 852 1551 dem
875 1502 952 1567 Bnge
974 1500 1022 1551 der
1043 1500 1278 1552 Kostenvermerk:
1308 1464 1342 1585 Ξ,

148 1608 204 1658 nus
220 1607 267 1658 der
284 1607 429 1659 Rtlckseite
447 1607 494 1658 der
511 1606 817 1673 Registraturvermerk3
842 1607 870 1656 in
893 1606 941 1656 der
963 1606 1055 1656 anen
1075 1605 1161 1657 Ecket
1184 1605 1292 1656 wlstani
1309 1613 1344 1656 est

149 1697 177 1744 iu
195 1712 222 1746 n.
236 1731 243 1745 .
255 1695 288 1745 B.

252 1868 491 1955 {Bonifatius}
513 1869 693 1955 episcopus,
717 1888 830 1932 servus
854 1889 1020 1932 servorum
1044 1866 1106 1953 dei,
1131 1866 1255 1933 dilectis
1270 1867 1342 1932 filiis

150 2026 156 2039 .
175 2025 182 2039 .
199 1972 310 2038 abbati
334 1983 366 2038 et
388 1975 560 2038 conventui
583 1975 767 2039 monasterii
782 1971 878 2038 beate
894 1972 997 2037 Marie
1013 1975 1044 2036 iu
1061 1970 1207 2037 Gotwico
1222 1971 1342 2037 ordinis

148 2081 250 2144 sancti
265 2077 435 2144 Benedicti
450 2078 651 2143 Pataviensis
672 2076 808 2143 diocesis
824 2077 960 2144 salntem
976 2086 1009 2143 et
1022 2077 1231 2163 apostolicam
1247 2076 1341 2142 bene·

149 2183 330 2248 dictionem.
368 2182 481 2268 Exigit
502 2191 610 2247 vestre
633 2181 818 2247 devocionis
841 2184 1008 2247 sinceritas
1031 2190 1064 2247 et
1085 2180 1257 2268 religionis,
1281 2181 1341 2247 sub

149 2309 214 2374 qua
237 2287 389 2352 devotum
413 2286 574 2352 exhibetis
594 2286 723 2352 domino
739 2286 939 2371 famulatum,
963 2297 1163 2374 promeretur
1179 2285 1340 2371 honestas,

148 2402 183 2457 ut
212 2395 385 2478 peticiones
415 2401 540 2458 vestras
570 2391 641 2457 illas
670 2394 850 2479 presertim,
883 2414 942 2478 per
972 2414 1052 2479 quas
1084 2390 1285 2458 commodum
1310 2400 1342 2457 et

147 2497 265 2562 utilitas
285 2499 384 2562 vestri
399 2498 583 2562 monasterii
598 2506 797 2583 procuratur,
822 2505 978 2583 quantum
994 2519 1068 2561 cum
1084 2495 1145 2561 deo
1161 2518 1340 2583 possumus,

148 2601 191 2667 ad
207 2601 428 2667 exaudicionis
443 2604 581 2689 gratiam
595 2601 814 2667 favorabiliter
829 2602 1046 2668 admittamus.
1070 2602 1156 2667 Hinc
1172 2614 1229 2688 est,
1254 2600 1341 2690 quod

147 2730 205 2772 nos
235 2710 351 2772 vestris
376 2710 410 2772 in
433 2707 495 2773 hac
518 2717 609 2794 parte
633 2707 926 2795 supplicacionibus
949 2707 1092 2773 inclinati
1116 2717 1148 2772 et
1170 2717 1205 2773 ut
1220 2710 1339 2773 incum-

147 2811 257 2877 bentia
283 2811 375 2877 vobis
402 2834 501 2878 onera
523 2812 658 2878 valeatis
679 2835 739 2898 pro
761 2823 906 2899 tempore
929 2812 1127 2878 commodius
1150 2822 1339 2899 supportare

147 2917 188 2983 de
218 2917 352 2982 alicuius
382 2918 601 2984 subventionis
631 2917 750 2983 auxilio
780 2918 872 2984 vobis
903 2917 1075 3005 providere
1102 2916 1246 2983 volentes
1269 2940 1339 3005 par-

145 3022 321 3089 rochialem
343 3021 514 3088 ecclesiam
536 3032 647 3088 sancte
663 3021 844 3088 Petronelle
868 3022 910 3087 de
933 3021 1053 3088 Sancta
1076 3021 1259 3088 Petronclla
1281 3023 1339 3087 Pa·

144 3129 297 3192 taviensis
329 3127 476 3210 diocesis,
509 3149 572 3214 que
602 3138 638 3193 ut
666 3129 820 3192 asseritur
850 3126 892 3192 dc
921 3130 992 3192 iure
1021 3136 1210 3214 patronatus
1239 3129 1339 3192 vestri

147 3235 330 3299 monasterii
361 3235 470 3298 existit
501 3235 656 3320 cuiusque
679 3235 802 3319 viginta
825 3234 968 3320 quinque
991 3231 1077 3298 dicto
1100 3242 1208 3298 vestro
1231 3254 1339 3298 mona·

145 3339 251 3422 sterio,
280 3339 370 3402 cuius
393 3346 611 3403 trecentarum
634 3338 840 3404 marcharum
863 3339 988 3423 argenti
1015 3339 1088 3425 puri
1116 3337 1240 3402 fructus
1267 3336 1338 3402 red·

144 3441 229 3507 ditus
253 3451 285 3507 et
299 3451 474 3530 proventus
493 3441 695 3508 secundnm·
719 3464 922 3508 communem
938 3443 1180 3508 extimationem
1194 3440 1339 3507 valorem

144 3570 286 3612 annuum
317 3556 353 3611 ut
381 3548 534 3613 asseritur
564 3569 628 3612 non
658 3546 833 3632 excedunt,
864 3570 938 3612 cum
968 3546 1116 3612 omnibus
1149 3545 1273 3611 iuribus
1307 3556 1338 3611 et

141 3654 341 3738 pertinentiis
376 3653 441 3717 suis
475 3654 664 3718 auctoritate
697 3652 873 3740 apostolica
906 3662 1062 3741 perpetuo
1095 3654 1337 3739 incorporamus

142 3759 343 3822 annectimus
374 3766 407 3821 et
432 3759 560 3823 unimus
583 3759 637 3841 ita,
669 3757 756 3843 quod
780 3757 916 3823 cedente
940 3757 992 3822 vel
1017 3756 1196 3822 decedente
1221 3756 1336 3822 dilecto

140 3861 204 3926 lilio
221 3913 228 3926 .
247 3912 253 3926 .
270 3870 395 3927 rectore
422 3861 569 3948 predicte
597 3862 743 3946 ecclesie,
772 3865 827 3950 qui
855 3885 942 3928 nunc
966 3872 1023 3946 est,
1051 3871 1108 3927 aut
1130 3861 1210 3927 alias
1233 3864 1336 3949 ipsam

142 3965 312 4032 ecclesiam
335 3966 574 4053 quomodolibet
604 3966 783 4034 dimittente
812 3966 909 4032 liceat
932 3967 1023 4033 vobis
1046 3966 1245 4054 corporalem
1266 3989 1336 4054 pos-

142 4072 316 4136 sessionem
346 4073 446 4157 ipsius
478 4071 614 4138 ecclesie
644 4074 775 4159 propria
805 4075 993 4137 auctoritate
1023 4069 1270 4160 apprehendere
1296 4094 1336 4137 ac

142 4178 238 4241 etiam
260 4177 293 4240 in
316 4197 393 4240 usus
416 4185 540 4242 vestros
562 4186 719 4263 perpetuo
741 4179 879 4244 retinere
900 4199 1026 4242 necnon
1042 4177 1166 4242 fructus
1188 4175 1334 4241 redditus

142 4291 174 4346 et
195 4290 372 4366 proventus
394 4282 494 4367 ipsius
518 4281 654 4347 ecclesie
670 4285 704 4347 in
719 4284 993 4371 supportationem
1009 4281 1185 4348 eorundem
1201 4304 1334 4348 onerum

142 4384 298 4472 deputare
333 4409 431 4474 super
462 4385 525 4451 boo
560 4385 723 4452 diocesani
752 4387 814 4453 loci
842 4410 901 4474 pro
932 4395 1076 4473 tempore
1107 4389 1273 4453 existentis
1304 4396 1336 4453 et

141 4493 361 4579 cuiuscunque
395 4490 526 4557 alter-ius
557 4491 694 4557 licencia
723 4514 782 4557 seu
813 4514 973 4557 consensu
1003 4494 1134 4558 minime
1163 4494 1334 4578 requisitis,

140 4716 204 4772 sot.
243 4729 257 4753 ⁸
274 4735 301 4771 aa
318 4719 368 4771 anf
383 4720 479 4772 Rssnr.
