3400 5350
369 376 413 439 24

369 567 488 632 cultam
511 575 544 631 et
558 567 712 632 incultam
727 589 829 653 usque
853 567 895 631 ad
919 589 1036 632 cavum
1059 565 1210 652 lapidem,
1234 568 1288 652 qui
1311 565 1422 651 linqua
1442 568 1563 631 rustica

368 670 679 736 'liuvelisohirche1³
695 671 821 756 dicitur,
838 682 870 736 et
884 695 1012 736 rursum
1028 693 1091 757 quo
1107 673 1210 735 minor
1225 670 1394 736 Chremisa
1408 673 1562 735 maiorem

369 775 549 841 Cremisam
575 774 689 860 influit,
718 778 917 841 terminatur.
953 773 1128 851 Parrochic
1154 773 1196 838 ad
1225 774 1364 839 Chuluib
1393 777 1561 840 terminus:

369 906 469 945 versus
491 888 668 943 occidentem
692 889 767 944 inter
791 888 928 943 allodium
952 887 1125 942 marchionis
1150 879 1307 958 Leopaldib
1332 893 1361 942 et
1384 887 1562 958 quorundam

369 992 507 1047 nobilium
524 992 699 1047 descendens
718 1010 736 1047 a
752 992 895 1047 montanis
916 992 946 1045 in
962 989 1118 1061 cobirmar,
1135 990 1202 1045 inde
1222 991 1258 1045 ad
1278 989 1451 1060 Smidibach,
1472 985 1563 1046 iuxta

369 1110 466 1174 quem
493 1089 600 1152 rivum
628 1087 775 1153 ascendit
801 1087 844 1153 ad
871 1087 980 1152 villam
1008 1085 1207 1170 Smidibach,
1234 1095 1301 1149 inde
1327 1095 1408 1151 vadit
1429 1094 1507 1151 Sceit
1528 1096 1565 1149 ad

369 1201 466 1257 villam
490 1200 646 1271 Heimonis,
671 1201 706 1256 de
729 1200 795 1255 hinc
823 1202 860 1255 ad
884 1199 1084 1270 lloissinbach,
1108 1216 1192 1271 quem
1217 1200 1364 1255 descendit
1393 1200 1430 1254 ad
1453 1191 1562 1256 rivum*¹

369 1304 510 1375 Huriwin,
527 1309 556 1359 et
570 1304 647 1359 hunc
662 1322 752 1377 usquc
768 1307 804 1360 ad
820 1304 988 1377 Syrniccba,
1004 1322 1088 1375 quem
1104 1304 1251 1359 deseendit
1266 1305 1302 1358 ad
1318 1303 1563 1374 Radwanesbach,

368 1417 398 1467 et
412 1411 489 1465 hunc
510 1411 640 1465 ascendit
662 1429 754 1481 usque
774 1411 812 1465 ad
832 1411 982 1481 tumulum,
1004 1410 1053 1482 qui
1074 1409 1198 1465 excrevit
1220 1427 1306 1480 super
1322 1409 1477 1481 wagreim,
1499 1410 1564 1463 iude

369 1516 488 1569 eandem
504 1514 684 1570 altitudinem
707 1515 787 1571 vadit
807 1514 844 1570 ad
864 1520 951 1585 caput
970 1511 1089 1585 Edilize,
1110 1514 1177 1568 inde
1196 1515 1232 1568 ad
1252 1512 1409 1585 proximum
1429 1518 1563 1582 montem,

368 1619 418 1689 qui
442 1618 567 1689 pertinet
585 1619 623 1673 ad
643 1618 793 1689 Honestat,
813 1618 882 1673 hine
901 1619 1048 1674 descendit
1067 1619 1146 1673 iuxta
1166 1616 1361 1673 Chrebizbach
1385 1617 1414 1670 iu
1434 1616 1563 1687 Pielaha,

369 1740 455 1793 quam
484 1721 588 1777 transit
615 1727 692 1778 recto
717 1722 807 1778 limite
834 1724 870 1778 ad
894 1722 1053 1778 Scintlecca
1079 1723 1155 1777 inter
1180 1722 1236 1776 duo
1263 1721 1368 1776 allodia
1394 1720 1565 1776 marchionis

370 1825 506 1881 Otachari
533 1833 562 1881 et
583 1825 724 1898 Pilgrimi,
746 1826 813 1882 inde
838 1832 917 1882 recta
936 1827 1013 1882 linea
1037 1828 1072 1881 ad
1093 1826 1278 1896 Riohinsceit,
1299 1825 1402 1880 deiude
1422 1826 1459 1879 ad
1479 1830 1566 1897 caput

368 1930 497 2002 Pielaha,
522 1930 590 1985 inde
611 1948 662 2002 per
685 1931 868 1986 altitudinem
891 1937 1057 1986 montanam
1080 1930 1184 1985 transit
1206 1948 1292 2001 super
1310 1928 1459 2001 Steinpcre
1482 1936 1512 1984 et
1531 1930 1565 1983 de
1656 2012 1659 2017 ι

368 2034 518 2091 Steinberc
533 2035 608 2091 iuter
628 2035 734 2090 allodia
752 2035 925 2092 marchionis
946 2027 1104 2107 Leopaldi¹'
1120 2041 1148 2091 et
1167 2036 1347 2106 quorumdam
1366 2034 1506 2089 nobilium
1525 2052 1565 2089 re-

368 2141 491 2196 vertitur
505 2140 534 2194 in
551 2140 643 2196 rivum
659 2138 815 2196 cebirmar.
848 2130 1012 2217 Quicquid
1035 2131 1118 2196 infra
1142 2130 1202 2208 hec
1226 2131 1302 2195 culti
1325 2139 1358 2195 et
1378 2130 1499 2213 inculti,
1521 2129 1563 2195 ad

369 2236 539 2314 ecclesiam
561 2235 702 2302 Chullub
725 2237 874 2322 pertinet.
905 2244 1062 2300 Parrochia
1080 2245 1117 2299 ad
1132 2236 1282 2316 Pyricha*
1299 2244 1450 2300 terminum
1466 2262 1565 2301 versus

369 2351 544 2405 occidentem
556 2348 726 2404 Treisimam
741 2350 861 2406 fluvium
876 2350 914 2405 ab
930 2356 993 2405 ortu
1009 2367 1060 2405 suo
1076 2367 1167 2421 usque
1181 2350 1218 2404 ad
1234 2349 1331 2407 villam
1343 2348 1441 2405 Sancti
1454 2348 1563 2421 Ypoliti

368 2445 477 2528 habet,
498 2454 601 2508 deinde
624 2454 700 2509 viam
722 2455 983 2525 septentrionalem,
1007 2472 1063 2525 que
1091 2454 1171 2510 ducit
1195 2455 1230 2509 de
1253 2453 1358 2509 Sancto
1382 2452 1500 2525 Ypolito
1525 2455 1561 2509 ad

368 2559 506 2630 Mehtyris
518 2575 569 2629 per
579 2558 677 2614 villam
689 2558 834 2630 Wagrcim
852 2563 881 2615 et
895 2578 946 2631 per
961 2559 1072 2629 silvam,
1085 2576 1143 2630 quo
1155 2564 1273 2615 vocatur
1284 2558 1446 2628 Uorahach,
1460 2558 1562 2613 deinde

368 2663 405 2717 ad
421 2653 543 2719 villam*
560 2661 721 2735 Sibihirtin,
738 2663 842 2719 deinde
857 2664 932 2719 inter
948 2664 1004 2719 duo
1026 2663 1132 2719 allodia
1147 2662 1303 2719 Williberti
1323 2668 1353 2719 ct
1367 2662 1512 2718 Waltonis
1532 2663 1561 2717 iu

368 2767 464 2824 villam
479 2766 592 2838 Tuirin,
609 2785 708 2825 versus
722 2769 861 2824 orientem
877 2769 1077 2824 Persniccbam
1098 2768 1215 2824 abortu
1234 2786 1286 2824 suo
1302 2768 1443 2839 usquead
1464 2767 1562 2824 villam

368 2870 481 2942 Tuirin,
505 2889 604 2928 versus
623 2873 777 2928 australem
801 2878 911 2944 partem
932 2873 1071 2943 semitam,
1092 2889 1148 2943 quc
1168 2877 1286 2927 vocatur
1303 2871 1464 2942 Pechstich,
1488 2872 1563 2927 inter

367 2975 492 3031 confinia
507 2976 675 3032 allodiorum
692 2969 901 3051 marchyonis,''
917 2976 1051 3032 Haderici
1067 2981 1096 3031 et
1110 2975 1225 3031 Rudolfi
1245 2977 1330 3031 etita
1349 2993 1448 3032 versus
1462 2974 1562 3031 Oario-

368 3080 466 3135 thiam.
496 3081 638 3152 Quicquid
659 3080 735 3135 infra
758 3081 808 3135 hos
829 3081 965 3136 terminos
988 3086 1031 3136 est
1053 3080 1123 3135 culti
1146 3086 1175 3135 et
1195 3080 1306 3152 inculti,
1328 3082 1364 3135 ad
1384 3081 1563 3152 parrochiam

367 3184 491 3255 Pyrichs
506 3185 638 3256 pertinet.
667 3176 806 3261 Insuper
827 3175 871 3240 ad
886 3176 981 3240 Matre
1003 3185 1051 3240 est
1073 3176 1211 3252 eeclesia
1233 3185 1344 3256 sancte
1360 3177 1463 3254 Marte
1487 3199 1560 3241 cum

367 3282 454 3345 omni
465 3302 524 3344 sua
536 3288 568 3344 et
578 3277 699 3343 ibidem
712 3279 798 3343 etad
809 3279 991 3366 Ursprinch
1004 3279 1078 3344 dote
1091 3289 1122 3344 et
1137 3279 1308 3344 decimatio
1319 3282 1388 3345 sine
1405 3279 1561 3345 divisione

369 3406 411 3447 ex
438 3382 572 3468 praedio
594 3381 673 3446 inibi
701 3385 760 3448 sito
783 3383 937 3448 nobilium
964 3384 1157 3467 Ekkebcrti,
1180 3384 1326 3468 Districi,
1357 3384 1504 3450 Udalrici
1531 3393 1563 3448 et

367 3488 560 3553 Herimanni
582 3487 717 3553 fratrum
740 3487 856 3553 collata
878 3488 1058 3554 traditione.
1093 3497 1123 3554 Si
1143 3498 1207 3570 quis
1227 3498 1316 3571 igitur
1335 3512 1377 3553 ex
1407 3489 1469 3574 his,
1499 3512 1562 3577 que

368 3613 429 3677 ego
452 3590 626 3656 Udalricus
659 3590 712 3656 dei
739 3595 843 3677 gratia
872 3595 1042 3679 episcopus
1064 3594 1266 3658 Pataviensis
1299 3593 1352 3659 vel
1378 3603 1564 3659 antecessor

368 3717 459 3760 meus
481 3704 538 3759 aut
559 3695 674 3782 aliquis
696 3695 832 3761 aliorum
848 3707 959 3774 sancte
974 3697 1077 3774 Maris
1101 3707 1134 3762 et
1155 3696 1308 3763 fratribus
1332 3697 1392 3763 deo
1414 3699 1448 3763 in
1464 3698 1560 3763 Kote-

367 3923 409 3975 11.
468 3925 481 3957 ‘¹
500 3923 580 3990 Folgt
597 3925 659 3975 sine
675 3932 796 3991 poscere
814 3924 921 3976 schrift.

367 4047 472 4099 Grsnre
495 4048 615 4097 ostwtlrts
639 4047 681 4097 bis
709 4063 756 4098 zur
777 4054 963 4114 sogensunten
985 4048 1196 4100 Teufelslrirehe.
1216 4076 1247 4086 -
1267 4047 1290 4081 ¹⁸
1310 4049 1353 4101 An
1375 4050 1423 4102 der
1445 4052 1560 4105 Grossen

367 4134 463 4184 Krems
481 4132 603 4183 nordlieh
621 4150 673 4184 von
691 4134 739 4185 der
756 4134 844 4186 Ruina
864 4136 1045 4186 Hartenstein.
1073 4135 1110 4186 Es
1128 4136 1201 4186 kann
1214 4153 1265 4188 nur
1276 4137 1350 4188 dieas
1362 4137 1490 4189 daruutor
1503 4154 1560 4189 ver·

366 4221 479 4272 standon
497 4220 613 4282 werden,
633 4221 738 4272 obwohl
757 4221 825 4272 noch
845 4223 906 4273 eine
930 4224 1024 4274 aweite
1042 4222 1246 4275 Tenfelskirche
1268 4239 1311 4275 am
1335 4224 1493 4292 Ursprunge
1514 4225 1561 4276 des

367 4307 600 4359 Gutscbenbaches
622 4308 755 4359 awischen
777 4309 938 4360 Traunstsin
961 4308 1016 4360 und
1037 4310 1260 4375 Rappottenstein
1288 4311 1401 4363 besteht.
1432 4313 1492 4363 Von
1513 4312 1561 4363 der

366 4395 570 4446 Teutelskirche
587 4410 623 4446 an
639 4396 723 4462 gierig
739 4395 783 4446 die
801 4395 907 4448 Grsnas
924 4397 966 4447 bis
984 4413 1032 4447 zur
1048 4397 1241 4465 Einmlindung
1264 4398 1311 4450 der
1329 4399 1446 4450 Kleinen
1464 4399 1561 4450 Krems

366 4483 396 4533 in
413 4482 458 4532 die
475 4483 572 4533 Grosse
588 4483 684 4533 Krems
707 4481 763 4532 und
786 4482 858 4534 deun
881 4483 957 4550 ltngs
980 4484 1028 4534 der
1045 4484 1162 4535 Kleinen
1181 4486 1276 4536 Krems
1297 4486 1431 4538 aufwltrta.
1468 4485 1561 4538 Usber

366 4570 412 4621 (lie
424 4570 708 4638 Besitzerwerbungen
720 4571 749 4621 in
761 4571 849 4622 dieser
862 4572 973 4637 Gegsnd
985 4571 1038 4638 vgl.
1053 4573 1139 4634 Font,
1158 4576 1182 4633 2,
1201 4574 1274 4638 Vlll,
1292 4576 1309 4624 4
1327 4590 1367 4625 ur.
1380 4576 1404 4636 2,
1423 4576 1455 4624 21
1475 4590 1515 4625 nr.
1526 4575 1559 4624 72

367 4674 394 4708 u.
407 4658 448 4720 ta,
467 4658 498 4706 31
519 4673 557 4706 nr.
574 4659 631 4719 116,
650 4659 682 4707 m
702 4673 743 4709 nr.
755 4658 806 4707 215
825 4673 850 4708 u.
865 4660 916 4708 216
935 4674 961 4710 ιι.
974 4658 1018 4709 die
1030 4658 1162 4710 Urlrunde
1179 4675 1233 4710 ron
1252 4662 1317 4711 1171
1331 4660 1387 4712 Mai
1407 4663 1419 4711 1
1440 4660 1491 4727 (nr.
1505 4660 1558 4727 50).
