3400 5350
1302 385 1367 451 bii

174 574 251 637 mini
273 571 401 638 Alberti
423 572 617 639 venerabilis
639 574 840 640 Pataviensis
864 575 1001 640 ecclesie
1022 577 1165 662 episcopi
1180 576 1295 642 iudicis
1311 599 1369 642 seu

175 678 384 742 commissarii
403 679 437 743 in
458 677 521 743 hac
544 674 643 743 causa
664 701 684 743 a
707 679 786 743 sede
809 679 985 765 apostolica
1007 681 1192 766 specialiter
1214 680 1367 767 deputati,

173 784 273 848 nostri
303 781 465 867 ordinarii,
496 781 540 847 ad
570 782 633 848 hoc
660 783 844 869 specialiter
866 786 965 869 petita
988 795 1020 850 et
1042 784 1172 851 obtenta
1194 808 1253 871 pro
1275 785 1367 850 nobis

173 888 353 973 nostrisque
383 886 624 953 successoribus
654 897 687 953 et
717 898 825 953 nostro
857 891 1050 954 monasterio
1080 889 1225 976 predicto
1249 889 1367 955 delibe-

173 1001 243 1057 rato
273 993 379 1057 animo
410 994 686 1078 compromisimus
716 1001 748 1057 et
778 995 1063 1079 compromittimus
1092 996 1125 1059 in
1155 994 1306 1081 providos
1337 1005 1370 1061 et

175 1097 424 1183 circumspectos
456 1099 541 1162 viros
571 1120 611 1162 ac
642 1096 796 1180 dominos,
828 1100 1019 1184 magistrum
1041 1098 1219 1164 Iohannem
1250 1109 1282 1164 et
1304 1122 1367 1164 ma·

173 1202 309 1286 gistrum
337 1200 538 1287 Piligrimum
567 1203 600 1266 in
629 1201 874 1288 Notprehtstorf
899 1211 932 1268 et
961 1204 993 1267 iu
1017 1202 1245 1289 Wulderstorf,
1278 1226 1368 1289 paro

175 1304 325 1370 chialium
349 1305 559 1372 ecelesiarum
581 1315 732 1390 rectores,
764 1328 892 1372 necnon
913 1309 945 1372 in
969 1317 1139 1373 strennuos
1165 1309 1291 1393 milites,
1321 1308 1368 1374 Io-

175 1409 292 1475 hanem
305 1410 346 1475 (16
357 1410 531 1496 Ryetental
547 1420 578 1476 et
593 1410 819 1477 Rfimhardum
836 1410 877 1476 de
893 1412 984 1477 Reus
1000 1413 1202 1478 Patavieusis
1219 1412 1368 1501 dyocesis

174 1516 206 1580 iu
238 1536 273 1579 se
296 1514 465 1581 arbitrium
486 1515 669 1581 huiusmodi
692 1526 806 1602 sponte
829 1518 1022 1602 recipientes
1045 1526 1210 1604 tamquam
1232 1517 1368 1584 arbitros

174 1618 381 1685 arbitratores
403 1620 591 1685 amicabiles
614 1623 843 1707 compositores
867 1631 899 1685 et
920 1620 1022 1687 bonos
1045 1623 1131 1687 viros
1155 1621 1197 1687 (16
1212 1625 1298 1687 omni
1313 1623 1368 1687 lite

174 1733 208 1789 et
236 1746 334 1810 super
362 1727 449 1790 omni
477 1725 532 1790 lite
555 1727 721 1811 questione
745 1748 845 1791 causa
868 1747 925 1791 seu
948 1729 1175 1811 controversia,
1199 1729 1369 1812 quainter

174 1851 232 1894 nos
262 1831 431 1894 occasione
462 1829 631 1895 cuiusdam
659 1830 762 1895 insule
793 1853 894 1916 prope
918 1829 1107 1897 Chremsam
1138 1833 1208 1916 site,
1237 1854 1300 1917 que
1323 1833 1367 1896 in-

174 1933 243 1998 sula
266 1956 324 2020 per
347 1936 511 2020 navigium
534 1934 678 2001 Danubii
701 1934 930 2001 descendendo
952 1958 973 1999 a
988 1934 1124 2001 dextero
1139 1935 1253 2002 lattere
1269 1934 1370 2001 habet

173 2038 311 2104 insulam
326 2041 520 2124 contiguam,
536 2062 599 2126 que
610 2038 867 2125 Ohbtweigeraw
883 2038 1058 2124 volgariter
1072 2050 1286 2127 nuncupatur,
1302 2043 1368 2106 iam

173 2143 371 2231 aliquamdiu
385 2166 481 2210 versa
496 2156 545 2210 est
560 2155 593 2210 et
607 2148 689 2210 verti
704 2144 897 2231 sperabatur
911 2148 994 2211 inter
1009 2168 1067 2210 nos
1082 2145 1243 2232 predictos
1258 2157 1368 2233 partes

174 2273 218 2314 ex
240 2272 306 2315 una
329 2257 361 2314 et
382 2249 586 2316 venerabiles
609 2259 641 2315 et
661 2249 825 2335 religiosos
849 2252 944 2334 viros,
976 2250 1162 2315 dominum·
1185 2250 1367 2337 abbatem·

173 2357 312 2441 priorem
349 2363 516 2439 totumque
554 2364 748 2419 conventum
785 2356 970 2419 monasterii
1002 2354 1211 2420 Tzwetleusis
1249 2355 1369 2421 ordinis

173 2459 407 2546 cysterciensis
437 2458 583 2524 eiusdem
605 2460 806 2523 Patavieusis
837 2457 987 2545 dyocesis
1009 2468 1102 2544 parte
1126 2482 1168 2524 ex
1191 2458 1294 2524 altera
1316 2482 1367 2525 oc-

174 2568 303 2631 casione
333 2562 436 2629 insule
465 2562 623 2649 prelibata
653 2572 686 2628 et
712 2585 811 2649 super
839 2585 1033 2649 quocunque
1070 2565 1139 2629 iure
1171 2573 1204 2629 et
1225 2566 1367 2649 accione,

174 2670 261 2759 quod
293 2679 326 2735 et
355 2692 453 2756 quam
475 2692 533 2734 nos
556 2691 595 2733 ac
617 2692 693 2755 pars
715 2667 856 2734 adversa
877 2671 910 2733 in
933 2667 1069 2734 solidum
1091 2691 1132 2734 ac
1156 2672 1369 2736 communiter
1451 2707 1456 2717 ·

172 2777 226 2843 vel
258 2775 386 2840 divisim
410 2774 567 2840 habemus
590 2796 646 2840 seo
670 2773 793 2839 habere
815 2775 975 2859 potuimus
997 2777 1030 2838 in
1054 2773 1140 2838 dicta
1162 2773 1266 2839 insula
1288 2777 1369 2840 eius-

174 2904 237 2967 que
257 2879 380 2945 iuribus
401 2889 433 2944 et
448 2880 653 2965 pertinenciis
668 2901 708 2943 ac
723 2877 882 2943 fructibus
898 2900 956 2943 seu
970 2877 1162 2963 redditibus,
1185 2900 1282 2963 quam
1298 2878 1368 2944 aliis

174 2983 419 3071 quibuscunque
442 2982 485 3048 ad
508 2982 627 3048 dictam
650 2982 787 3048 insulam
809 2981 1029 3068 spectantibus
1052 3004 1110 3047 seu
1134 3005 1177 3047 ex
1200 3004 1239 3047 ea
1254 3004 1367 3069 prove·

175 3088 336 3154 aientibus
363 3087 596 3174 quovismodo
624 3097 656 3152 et
678 3089 847 3173 presertim
874 3109 971 3172 super
997 3109 1096 3151 causa
1124 3089 1290 3174 questione
1315 3088 1368 3153 vel

174 3194 238 3278 lite,
253 3217 316 3279 que
332 3216 430 3279 super
444 3192 590 3278 predicta
605 3191 709 3257 insula
725 3203 757 3256 et
772 3194 840 3256 eius
857 3193 1024 3257 occasione
1039 3214 1099 3277 per
1113 3191 1366 3277 appellacionem

174 3321 233 3386 per
255 3320 313 3364 nos
335 3297 379 3362 ad
393 3298 572 3362 Romanam
595 3299 718 3362 curiam
740 3306 789 3362 est
805 3295 954 3379 deducta,
978 3318 1104 3362 necnon
1120 3319 1218 3383 super
1234 3295 1364 3383 quibus·

175 3425 303 3489 cunque
334 3401 592 3487 contingentibus
624 3424 755 3467 causam
786 3403 889 3487 ipsam
920 3411 952 3465 et
982 3400 1240 3487 dependentibus
1262 3401 1305 3467 ab
1329 3425 1368 3467 ea

176 3517 207 3573 et
229 3529 328 3593 super
350 3506 598 3593 quibuscunque
621 3516 653 3571 et
680 3505 722 3570 (16
753 3504 1000 3591 quibuscunque
1031 3508 1183 3592 expensis
1213 3505 1306 3571 factis
1336 3515 1369 3571 et

175 3611 292 3678 habitis
322 3634 380 3697 per
409 3633 467 3676 nos
497 3611 549 3676 vel
572 3619 696 3697 partem
720 3612 913 3675 contrariam
937 3610 1113 3675 eorundem
1137 3613 1305 3676 occasione
1327 3633 1367 3674 ac

174 3719 306 3802 insuper
334 3718 367 3779 in
396 3715 579 3781 huiusmodi
609 3716 837 3801 compromisso
867 3714 976 3779 facere
1011 3714 1181 3800 disponere
1217 3714 1367 3779 ordinare

175 3831 208 3887 et
237 3823 334 3886 etiam
364 3818 568 3906 promulgare
601 3818 642 3883 de
665 3818 729 3884 alto
751 3829 784 3885 et
805 3817 901 3883 basso
924 3839 1022 3904 super
1043 3820 1207 3904 premissis
1229 3840 1269 3883 ac
1292 3840 1367 3904 quo

174 3926 253 3991 libet
275 3923 452 3990 eorundem
474 3926 529 4007 ita,
553 3923 638 4011 quod
661 3923 759 3989 iidem
782 3924 902 3988 domini
925 3923 965 3987 de
988 3921 1084 4008 plano
1107 3924 1279 3987 summarie
1299 3924 1367 3986 sine

175 4032 310 4117 strepitu
341 4038 373 4093 et
401 4030 508 4114 figora
537 4029 647 4093 iudicii
677 4029 754 4093 iuris
777 4027 889 4093 ordine
911 4027 964 4092 vel
987 4026 1209 4113 solempnitate
1232 4028 1368 4091 servatis

175 4135 228 4200 vel
251 4135 473 4199 conservatis
496 4156 554 4198 seu
576 4132 722 4198 obmissis
744 4132 852 4218 aliquo
875 4135 1102 4217 premissorum
1125 4130 1217 4196 nobis
1239 4153 1368 4216 presen-

175 4239 261 4305 tibus
291 4239 344 4304 vel
371 4237 560 4303 absentibus
583 4260 640 4303 seu
665 4236 756 4302 nobis
779 4236 831 4301 vel
854 4247 946 4322 parte
969 4235 1109 4301 adversa
1132 4235 1184 4300 vel
1207 4235 1368 4321 aliquibus

177 4367 219 4410 ex
250 4346 338 4431 ipsis,
371 4365 450 4430 quos
481 4342 664 4408 huiusmodi
693 4344 796 4428 tangit
824 4343 989 4426 negotium
1011 4339 1215 4427 presentibus
1238 4339 1291 4405 vel
1313 4338 1368 4406 ab·

176 4449 321 4515 sentibus
351 4458 408 4515 aut
437 4447 529 4513 nobis
557 4447 610 4514 vel
638 4455 731 4534 parte
762 4446 901 4513 adversa
930 4449 1053 4511 vocatis
1082 4445 1136 4511 vel
1158 4466 1223 4509 non
1244 4447 1367 4510 vocatis

176 4674 243 4730 bbb.
278 4687 291 4712 ⁸
308 4678 411 4744 Folgen
430 4678 496 4728 awai
514 4675 628 4727 Punlrta.

228 4770 336 4812 Pontes.
354 4770 384 4812 11.
394 4770 459 4813 stu.
478 4769 563 4813 scut.
1176 4760 1209 4812 37
