3400 5350
1308 424 1371 488 217

177 623 228 688 sui
257 642 298 686 ao
326 619 462 686 aliorum
492 619 735 706 progenitorum
766 639 899 684 suorum
928 617 1120 701 ordinasset,
1151 639 1209 684 nos
1240 619 1274 682 in
1300 639 1373 684 oon·

178 727 293 791 tinenti
313 725 357 791 ad
378 747 492 812 preoes
516 723 662 790 eiusdem
684 723 784 790 vidue
805 721 982 810 praedietis
1003 722 1162 808 religiosis
1186 723 1318 789 domum
1341 731 1374 788 et

177 834 308 897 vineam
335 838 530 896 memoratas
557 827 752 895 oontulimus
782 828 1021 914 emphyteutico
1043 829 1124 912 iure,
1148 826 1234 915 quod
1257 828 1373 914 purch·

177 936 251 1001 reht
280 934 477 1019 volgariter·
508 942 724 1021 nuncupatur,
758 933 800 998 de
830 932 949 1019 quibus
980 934 1123 998 servient
1152 932 1245 998 nobis
1279 935 1373 999 annis

177 1039 314 1127 singulis
337 1039 475 1105 infesto
498 1041 602 1105 saneti
624 1038 758 1104 Martini
781 1035 954 1104 duodecim
977 1036 1126 1102 denarios
1149 1036 1245 1102 etde
1268 1036 1373 1103 tribus

177 1145 304 1233 placitis
334 1147 368 1210 in
398 1166 483 1210 anno
514 1166 574 1209 sex
597 1142 747 1209 denarios
769 1141 840 1207 loeo
863 1142 1026 1228 voytreht,
1050 1142 1091 1207 de
1113 1141 1273 1208 fructibus
1295 1163 1372 1229 quo·

178 1273 241 1338 que
274 1253 371 1316 vinee
405 1249 550 1316 eiusdem
585 1248 678 1315 nobis
712 1246 838 1313 deoima
872 1246 1085 1334 persolvetur.
1130 1246 1170 1312 In
1199 1246 1296 1313 huius
1326 1247 1373 1311 rei

177 1357 398 1422 testimonium
427 1364 525 1441 atque
555 1354 655 1421 robur
684 1353 818 1441 prefatis
849 1353 961 1420 abbati
991 1362 1024 1419 et
1053 1355 1227 1419 conventui
1258 1351 1373 1419 damus

176 1470 345 1546 presentes
361 1459 457 1545 sigilli
479 1460 579 1526 nostri
603 1460 781 1524 munimine
804 1458 1021 1524 confirmatas.
1061 1458 1185 1523 Datum
1207 1458 1241 1522 in
1263 1457 1373 1522 Nevn-

176 1563 282 1630 buroh
296 1565 337 1631 V.
354 1564 427 1631 idus
450 1566 575 1630 maroi·
598 1585 683 1629 anno
707 1562 830 1630 domini
853 1561 1067 1630 MOOXOVL

282 1757 308 1812 S.
330 1758 354 1809 d.
377 1759 480 1826 Propst
502 1757 622 1810 Hadmar
643 1775 669 1810 r.
690 1758 923 1823 Klosterneuburg
949 1754 1089 1823 spitaoral,
1115 1754 1267 1822 ungerunt,
1297 1755 1323 1805 11
1350 1755 1373 1805 Β

177 1845 229 1915 (nr.
243 1848 294 1897 200
315 1846 341 1898 S.
354 1845 387 1913 l).

222 2056 300 2125 203.
795 2087 800 2096 ·
1008 2058 1092 2115 1296
1108 2058 1284 2132 September
1300 2058 1330 2115 8.

176 2247 317 2332 Psarrer
338 2247 507 2314 Reialaard
527 2267 588 2313 von
609 2244 689 2312 Kar
711 2244 815 2312 morht
837 2246 883 2310 im
905 2244 1004 2328 sape
1025 2243 1209 2327 Mlienfeld,
1235 2243 1375 2312 woselbst

215 2374 249 2419 er
270 2352 356 2419 aeine
378 2352 562 2420 &absara
582 2353 693 2436 rieden
713 2349 781 2432 soll,
804 2350 943 2416 awtrere
964 2350 1121 2416 benenate
1142 2349 1337 2433 Sttfttmqen.

282 2546 356 2613 Orig.
368 2545 423 2614 (A),
441 2547 519 2613 Perg.
532 2547 569 2596 im
581 2543 660 2597 Areln
674 2544 699 2597 d.
711 2545 804 2598 Stit'tes
816 2544 964 2597 Lilienteld
976 2544 1074 2611 (Signa
1087 2544 1120 2606 D,
1133 2543 1210 2595 Fare.
1223 2545 1251 2594 11
1269 2560 1308 2595 nr.
1322 2541 1375 2609 49).

177 2634 269 2702 siege!
286 2649 323 2686 au
340 2635 429 2687 einem
447 2632 662 2702 PergAEtreffeu

283 2758 345 2826 vgr.
362 2757 443 2811 hiesu
461 2773 502 2809 nr.
516 2758 574 2809 195.

283 2932 355 3016 Ego
377 2930 565 2997 Rinhardus
596 2929 739 2996 decanus
768 2952 807 2995 ao
834 2928 993 3016 plebanus
1016 2927 1254 2995 Chilevbensis
1278 2929 1376 2992 omni·

178 3035 240 3103 bus
275 3044 443 3121 presentes
476 3035 600 3102 litteras
634 3034 816 3122 legentibus
850 3032 904 3099 vel
937 3031 1145 3100 audientibus
1175 3031 1312 3098 salutem
1342 3033 1376 3096 in

179 3142 324 3207 omnium
346 3140 517 3206 salvatore.
560 3139 644 3207 Cum
667 3139 754 3205 diem
777 3139 948 3204 messionis
971 3146 1118 3203 extreme
1140 3136 1259 3203 debeat
1280 3158 1376 3204 unus-

180 3248 318 3333 quisque
349 3243 568 3311 misericordie
591 3244 743 3331 operibus
765 3245 948 3331 prevenire,
980 3264 1040 3327 ego
1064 3243 1124 3306 hoo
1145 3243 1252 3329 ipsum
1275 3249 1376 3306 atten-

181 3351 262 3417 dens
296 3371 427 3435 oompos
459 3351 593 3415 rationis
624 3358 656 3414 ot
686 3349 804 3415 virium
834 3370 990 3431 mearum,
1025 3356 1183 3434 quantum
1213 3345 1376 3412 facultatis

180 3478 252 3523 mee
285 3454 356 3540 fuit,
395 3453 578 3541 subscripta
611 3476 670 3540 pro
704 3455 811 3519 anime
845 3460 938 3518 mee·
972 3451 1116 3517 remedio
1150 3450 1300 3517 ordinavi
1333 3450 1377 3516 ad

181 3561 340 3647 Campum
364 3559 522 3625 Liliorum
551 3562 681 3625 vineam
711 3559 745 3623 in
767 3557 969 3624 Phaffsteten
999 3559 1094 3623 sitam
1123 3558 1218 3623 iuxta
1247 3558 1376 3622 vineam

181 3668 336 3753 ipsorum,
360 3687 424 3752 que
447 3675 583 3730 voeatur
604 3663 732 3748 Toerel‚
754 3665 833 3729 item
856 3662 899 3728 ad
922 3662 1121 3748 sepulturam
1142 3684 1201 3748 pro
1224 3663 1376 3747 expensis

181 3779 214 3835 et
242 3791 302 3856 pro
331 3791 406 3836 oera
434 3768 519 3835 XVI
544 3768 644 3835 libras
667 3767 884 3851 donariorum,
915 3768 994 3832 item
1015 3787 1074 3853 pro
1098 3765 1199 3831 oaliee
1221 3766 1255 3829 X
1276 3766 1377 3831 libras

182 3874 399 3958 denariorum,
429 3876 507 3939 item
537 3896 596 3961 pro
626 3872 737 3940 tabula
767 3871 811 3937 ad
834 3881 983 3939 sanetum
1006 3871 1182 3957 Symonem
1205 3869 1255 3936 III
1277 3869 1376 3935 libras

182 3978 400 4062 denariorum,
433 3981 512 4044 item
541 4001 600 4065 pro
629 3988 824 4045 testamento
854 3977 1021 4044 monaohis
1051 3985 1084 4041 et
1115 3976 1280 4041 conversis
1310 3974 1377 4039 XV

181 4082 280 4150 libras
314 4083 531 4167 denariorum,
566 4086 643 4149 item
675 4106 734 4170 pro
764 4085 849 4149 vitro
880 4081 923 4148 ad
953 4081 1109 4168 capellam
1139 4082 1173 4146 in
1203 4087 1297 4165 porta
1325 4077 1377 4143 III

181 4186 280 4254 libras
304 4188 520 4273 denariorum,
543 4189 621 4254 item
643 4187 738 4253 fratri
760 4185 963 4273 Oh(unrado)
987 4188 1116 4269 seniori,
1140 4192 1250 4250 nostro
1272 4183 1376 4248 amieo

182 4291 322 4378 speciali,
346 4292 379 4357 Π
400 4292 500 4358 libras
523 4291 729 4359 denariorum
754 4301 785 4357 ot
809 4294 966 4378 optimum
989 4293 1123 4371 corium,
1150 4288 1237 4375 quod
1260 4286 1375 4352 habeo.

182 4394 266 4461 Aeta
296 4406 372 4462 sunt
400 4397 462 4462 heo
491 4419 576 4462 anno
608 4396 730 4463 domini
759 4394 1080 4477 MOOLXXXXVI,
1118 4396 1151 4458 in
1181 4392 1234 4458 dio
1261 4391 1377 4456 nativi-

183 4618 250 4676 202.
290 4633 304 4657 ⁸
320 4624 351 4673 A.

184 4706 249 4762 208.
288 4720 301 4744 ⁸
320 4711 343 4760 A
360 4715 407 4762 aaa.
