3400 5350
235 610 307 676 Orig.
322 607 376 679 (A),
394 611 471 677 Perg.
484 610 681 676 feuchtfleckig.
718 610 791 661 Zwei
808 609 898 676 Sicgel
916 626 952 660 an
970 608 1185 675 Perg.·Streilen.

236 733 342 797 Karlin,
360 734 412 783 318
430 750 471 783 nr.
484 735 528 795 52,
545 732 723 798 irrigerweisc
740 732 843 798 infolge
861 731 1012 782 sclrlechter
1024 732 1133 798 Lesung
1151 730 1197 782 des
1209 730 1331 781 Datum'e

132 836 165 870 zu
185 821 254 871 1268
272 821 366 872 Deci
387 820 545 886 cingereiht.

237 941 333 992 Karliu
351 942 426 993 hatte
443 941 517 992 diese
535 957 574 991 nr.
594 942 669 992 einer
686 939 770 1006 Copie
788 942 817 990 in
836 942 924 991 sineru
943 940 1126 1006 Copialbuchc
1149 946 1329 1001 entnommen‚

132 1029 179 1080 das
194 1030 264 1094 jetzt
282 1029 357 1079 nicht
374 1029 450 1079 mehr
467 1029 630 1094 vollstdndig
647 1028 769 1094 vorliegt.
797 1029 858 1079 Den
877 1029 981 1079 Namen
999 1028 1046 1078 des
1064 1027 1146 1078 Abtes
1168 1028 1208 1078 las
1231 1043 1261 1077 er
1283 1029 1331 1077 irr-

132 1115 267 1167 thflmlich
295 1116 458 1179 Hebnwiccu,
488 1115 616 1168 withrend
643 1118 680 1166 im
707 1116 829 1182 Original
856 1132 925 1183 ganz
955 1116 1075 1167 deutlich
1105 1116 1329 1184 auegeechrieben

133 1205 276 1255 Huni-tom
293 1204 373 1255 steht.

240 1379 415 1443 Heinricus
446 1377 498 1442 dei
530 1381 635 1464 gratia
665 1378 767 1443 abbas
797 1389 830 1444 et
858 1388 1036 1445 conventus
1059 1378 1195 1444 ecclesie
1217 1378 1331 1445 Cotwi·

135 1486 242 1549 censis
274 1483 432 1568 omnibus,
463 1482 506 1548 ad
536 1505 615 1569 quoe
646 1506 781 1569 presens
803 1483 897 1548 litera
919 1486 1113 1570 pervenerit,
1141 1483 1277 1549 salutem
1299 1486 1332 1548 in

135 1611 183 1673 eo,
213 1590 269 1675 qui
297 1597 346 1653 esi
371 1611 451 1653 vera
474 1587 569 1653 salus.
605 1588 656 1652 Ne
679 1610 853 1675 processus
875 1611 984 1654 rerum
1006 1598 1173 1673 gestarum
1195 1611 1254 1673 per
1277 1588 1330 1652 ob·

134 1694 289 1758 livionem
312 1715 354 1757 ex
378 1693 586 1758 diuturnitate
609 1693 661 1759 vel
683 1693 838 1758 labilitate
862 1695 1014 1780 temporis
1042 1703 1227 1777 evanescat,
1262 1715 1334 1757 con·

136 1809 264 1863 suetum
293 1807 351 1881 est,
379 1807 415 1863 ut
437 1800 483 1863 eis
506 1797 700 1863 adhibeatur
723 1800 915 1884 scriptorum
938 1801 1093 1863 memoria
1115 1820 1173 1884 pro
1197 1797 1333 1863 cautela.

136 1903 223 1967 Hinc
255 1911 314 1984 est,
345 1902 433 1987 quod
460 1905 601 1989 presenti
624 1905 743 1989 scripto
765 1906 969 1968 innotescere
992 1902 1140 1967 volumus
1163 1903 1333 1985 universis,

137 2007 220 2093 quod
257 2029 332 2071 cum
361 2009 445 2071 inter
470 2029 528 2072 nos
551 2031 594 2072 ex
617 2030 682 2072 una
703 2018 796 2093 parte
819 2017 849 2073 et
872 2007 1025 2072 dilectum
1047 2007 1140 2072 nobis
1162 2005 1334 2071 Albcrtum

137 2111 271 2176 militem
295 2110 337 2175 de
353 2111 590 2197 Waedelinge¹
613 2135 656 2176 ex
679 2110 781 2176 altera
801 2114 1021 2177 controversia
1041 2121 1223 2176 verteretur
1237 2133 1335 2196 super

139 2215 281 2302 quadam
305 2224 452 2280 summan
475 2218 613 2302 pecunie
632 2215 750 2280 XVIII
769 2216 962 2281 talentorum
978 2216 1225 2281 Wiennensium
1247 2215 1335 2279 vide·

139 2320 221 2406 licet,
244 2323 279 2385 in
303 2342 367 2406 qua
389 2319 459 2384 sibi
474 2322 637 2385 extitimus
661 2320 822 2386 debitores
846 2320 935 2386 etad
951 2322 1051 2407 ipsius
1067 2320 1255 2386 solutionem
1270 2342 1335 2385 non

140 2424 313 2490 voluntatis
334 2427 555 2509 contrarietas,
579 2425 637 2490 sed
653 2448 761 2491 rerum
777 2428 886 2512 inopia
901 2448 959 2490 noe
974 2425 1129 2491 redderet
1143 2430 1335 2511 inpotentes,

142 2529 181 2593 de
203 2531 369 2596 communi
393 2551 553 2595 consensu
576 2539 608 2595 et
631 2529 762 2596 consilio
785 2540 895 2595 nostro
918 2530 1126 2596 bonestorum
1148 2552 1276 2617 quoque
1292 2532 1336 2594 vi-

140 2655 249 2699 rorum
277 2632 552 2721 adcompositione
583 2643 614 2699 et
645 2634 778 2700 arbitrio
809 2634 989 2701 accedente
1021 2635 1181 2700 decimam
1212 2635 1278 2700 vini
1302 2636 1335 2699 in

141 2737 348 2826 Rehperch,²
369 2761 433 2825 que
456 2738 499 2803 ad
522 2761 580 2804 nos
602 2741 671 2805 iure
694 2743 898 2826 proprietatis
919 2743 1068 2827 pertinet,
1092 2749 1187 2827 prout
1203 2749 1338 2823 constat,

142 2843 202 2908 sibi
231 2844 514 2929 assingnavimusl
544 2843 588 2909 ad
614 2844 664 2909 VI
693 2867 795 2910 annos
827 2845 1031 2929 obligationis
1061 2843 1150 2909 titulo
1180 2844 1241 2909 sub
1274 2843 1338 2908 hac

142 2947 255 3031 forma,
287 2958 324 3013 ut
353 2947 395 3012 de
426 2948 636 3033 proventibus
668 2949 812 3014 eiusdem
843 2948 969 3014 decime
999 2972 1058 3035 per
1088 2951 1233 3035 spacium
1261 2957 1338 3012 tem-

141 3055 229 3137 poris
249 3055 398 3140 expressi
421 3054 483 3118 sibi
505 3056 545 3118 sit
567 3053 610 3118 de
633 3056 699 3118 suis
722 3054 839 3119 debitis
862 3053 1060 3139 integraliter
1083 3053 1283 3119 satisfactum
1307 3062 1339 3117 et

142 3178 189 3220 ex
219 3167 296 3223 tuno
327 3160 361 3222 in
391 3168 488 3222 antea
517 3156 560 3223 ab
591 3160 659 3222 eius
688 3160 892 3244 impeticione
921 3160 1020 3223 simus
1049 3159 1191 3244 exempti
1214 3159 1339 3244 etipsa

143 3260 271 3328 decima
301 3262 450 3328 absoluta
479 3272 661 3328 revertatur
690 3262 733 3327 ad
763 3273 907 3328 nostrum
938 3263 1114 3328 dominium
1141 3262 1236 3350 pleno
1258 3264 1338 3327 iure.

141 3365 189 3430 Et
209 3377 244 3432 ut
265 3366 327 3432 heo
350 3369 546 3453 compositio,
568 3377 606 3432 ut
629 3389 821 3452 expressum
837 3377 895 3451 est,
918 3368 1018 3433 robur
1033 3367 1154 3433 habeat
1168 3368 1338 3444 firmitatis,

140 3480 328 3555 presentem
349 3470 477 3537 literam
500 3494 574 3536 cum
597 3470 690 3557 sigilli
713 3474 812 3537 nostri
835 3475 1034 3559 appensione
1057 3481 1090 3537 et
1114 3475 1243 3537 testium
1267 3471 1339 3536 sub·

142 3577 316 3660 scriptione
338 3598 398 3663 pro
421 3578 601 3642 testimonio
625 3586 657 3641 et
679 3577 922 3642 confirmatione
946 3577 1006 3641 sibi
1035 3576 1189 3642 decimus.
1235 3575 1341 3640 Huius

140 3691 254 3744 autem
280 3683 327 3746 rei
353 3690 453 3746 testes
480 3690 554 3746 sunt
579 3680 661 3745 hii:¹’
707 3680 783 3747 Otto
806 3680 847 3745 de
871 3681 1025 3766 Zendorf,
1048 3680 1237 3764 Hartnidus,
1263 3678 1340 3745 Otto

144 3781 189 3846 de
207 3783 319 3868 Werd,
342 3785 461 3851 fratres
484 3795 515 3849 et
529 3784 679 3851 monachi
695 3785 847 3869 ecclesie,
873 3784 1018 3852 Gerboto
1034 3788 1215 3872 prepositus
1231 3784 1342 3851 Sancti

141 3885 706 3973 NicolaiPataviensis,Imf1idus³
730 3888 874 3954 decanus
901 3889 1155 3975 Chremsensis,b
1178 3888 1254 3956 Otto
1277 3889 1341 3976 ple-

141 3988 253 4055 banus
274 3992 394 4058 Libere
422 3995 570 4079 civitatis,
598 3996 753 4079 magister
776 3994 943 4060 Swikerus
971 3994 1129 4081 plebanus
1156 3996 1189 4059 in
1212 3992 1340 4059 Wider-

140 4093 237 4177 veld,
265 4096 359 4183 Hugo
390 4098 554 4183 sacerdos,
582 4097 766 4183 Wigandue
799 4097 840 4164 de
872 4100 1030 4183 Grintorf,
1059 4099 1233 4164 Heinricus
1264 4098 1342 4163 Pur·

141 4220 240 4285 gaer,
262 4199 439 4288 Goldlinus,
463 4203 610 4269 Siuridus
628 4202 668 4267 de
684 4183 809 4269 erar
831 4214 864 4269 et
886 4203 939 4268 alii
959 4225 1056 4289 quam
1072 4203 1189 4289 plures.
1220 4202 1343 4267 Datum

142 4404 214 4459 125.
255 4418 267 4442 ⁸
284 4410 373 4464 Ueber
390 4412 438 4463 der
456 4412 530 4464 Zeilc
549 4413 754 4481 nachgetragen.
775 4440 807 4450 —
826 4415 840 4448 ¹²
858 4414 888 4464 Δ.

257 4530 488 4602 ¹Alt-Weidling‚
515 4535 610 4586 detlich
640 4552 693 4587 von
721 4536 826 4587 Krems.
862 4564 896 4573 -
932 4533 944 4565 ¹
972 4536 1105 4602 Rehberg,
1135 4535 1257 4586 nordlich
1290 4551 1343 4587 ven

144 4620 258 4672 Krema
275 4649 304 4659 -
325 4620 337 4652 ³
355 4623 471 4674 Irnfried
489 4622 579 4674 warde
599 4623 666 4673 1262
684 4623 741 4673 Mai
754 4624 787 4672 25
806 4621 959 4674 Canonicus
977 4639 1030 4674 von
1048 4624 1150 4674 Paceau
1169 4619 1252 4689 (Mon.
1265 4622 1344 4674 boica

144 4705 290 4772 xmln,
307 4706 377 4778 380).
