3400 5350
352 413 416 483 696

351 608 451 676 midia
472 632 588 676 census
611 611 758 677 annualis
779 612 812 676 in
836 611 955 678 Sancto
978 611 1053 678 Vite
1075 621 1108 678 et
1129 614 1162 678 in
1184 612 1444 697 Hochenvveroh,
1472 617 1558 679 item

352 713 394 780 de
409 714 660 781 Hdchenweroh
676 714 758 782 duas
773 739 872 782 urnas
887 718 1062 803 sagiminis,
1076 720 1153 784 item
1169 716 1212 783 de
1226 716 1403 804 Mospaoh²
1418 720 1557 802 [mum]

352 841 484 886 currum
513 829 546 885 et
572 822 745 887 servicium
767 843 937 888 caseorum
959 820 1092 906 ibidem,
1122 824 1198 889 item
1220 821 1395 909 quamdam
1417 825 1555 888 vineam

352 923 473 990 dictam
503 923 762 1014 Ortweingarten
792 930 826 992 in
856 926 1079 1012 Chunistetan,
1112 930 1190 994 item
1223 927 1385 994 decimam
1417 929 1488 993 vini
1518 931 1556 994 in

352 1028 509 1114 Lewbeu,
539 1031 616 1096 item
648 1030 775 1098 duobus
797 1031 998 1120 presbyteris
1022 1032 1086 1098 duo
1109 1041 1210 1098 vasa·
1222 1083 1357 1098 ......
1381 1034 1555 1098 annuatim

351 1134 575 1220 ministranda,
597 1158 656 1222 pro
680 1135 796 1222 quibus
819 1137 969 1203 omnibus
991 1146 1024 1203 et
1046 1136 1179 1223 singulis
1202 1136 1394 1224 supradictis
1412 1137 1556 1202 firmiter

352 1241 544 1308 inconcusse
559 1240 684 1329 absque
699 1244 937 1330 interrupcione
953 1242 1098 1330 qualibet
1110 1242 1364 1309 irrevocabiliter
1375 1241 1555 1308 observan-

354 1342 404 1410 dis
418 1354 451 1410 et
466 1343 641 1433 plenariter
655 1344 892 1432 adimplendis·
906 1398 1022 1412 ......
1038 1355 1105 1413 tam
1120 1369 1178 1434 pro
1197 1347 1290 1413 nobis
1310 1369 1407 1434 quam
1422 1368 1555 1413 succes-

353 1448 479 1515 soribus
495 1452 611 1516 nostris
625 1453 839 1538 promittimus
855 1451 984 1518 domino
993 1450 1102 1518 Vlrieo
1113 1451 1239 1539 prefato
1250 1450 1463 1517 donacionem
1474 1473 1553 1517 oon-

354 1556 556 1621 stituciouem
576 1553 815 1621 ordinacionem
831 1564 864 1620 et
877 1558 1093 1643 provisionem
1107 1555 1249 1643 prefatas
1263 1577 1304 1621 ac
1318 1558 1425 1623 omnia
1440 1566 1473 1622 et
1488 1557 1553 1622 sin-

353 1658 431 1744 gula
445 1657 632 1746 supradicta
647 1669 797 1746 semper·
810 1711 920 1726 .....
936 1659 1059 1726 habere
1074 1671 1107 1726 et
1122 1682 1298 1747 numquam
1313 1662 1553 1745 contravenire,

355 1762 413 1829 sed
435 1764 542 1851 ipsum
563 1765 656 1830 iuxta
678 1786 773 1850 posse
795 1766 828 1830 iu
850 1767 1015 1852 premissis
1038 1764 1215 1831 defendere
1237 1775 1270 1830 et
1287 1767 1371 1831 tueri
1385 1764 1447 1830 sub
1461 1786 1554 1850 pena

354 1868 587 1935 musfaeoiouis
617 1868 835 1957 quorumlibet
864 1869 1077 1958 dampnorum
1107 1872 1221 1957 quovis
1243 1868 1339 1937 modo
1360 1892 1421 1956 per
1441 1870 1553 1956 ipsum

355 1975 524 2040 occasione
546 1975 799 2062 cuiuscumqueb
816 2025 925 2041 .....
949 1985 1058 2040 nostre
1078 1978 1113 2041 in
1134 1977 1298 2062 premissis
1312 1974 1552 2040 habendorum.

355 2078 394 2144 Iu
417 2100 553 2165 quorum
575 2081 793 2146 testimonium
815 2089 982 2166 presentes
1003 2079 1126 2146 litteras
1149 2102 1223 2145 cum
1245 2081 1441 2168 appensione
1464 2079 1554 2165 sigil-

354 2181 458 2249 lorum
491 2193 673 2250 nostrorum
706 2183 872 2250 roboratas
906 2185 1031 2271 prefato
1069 2184 1198 2251 domino
1232 2184 1390 2269 Vlr[ico]·
1423 2183 1553 2248 Pii-ich·

355 2288 480 2354 felder·
493 2340 627 2354 ......
643 2291 709 2355 vite
732 2311 790 2355 sue
811 2300 956 2377 tempore
978 2290 1022 2356 ad
1037 2289 1207 2355 cautelam.
1238 2290 1359 2355 Datum
1374 2291 1408 2354 in
1424 2287 1476 2354 die
1492 2312 1554 2355 un·

358 2392 464 2460 decim
485 2392 606 2459 milium
625 2395 786 2481 virginum
801 2417 886 2461 auno
902 2392 1022 2461 domini
1036 2392 1158 2462 Mcoo
1172 2393 1411 2500 cctuagesimab
1427 2396 1552 2479 quinto.

401 2638 475 2710 774.
1195 2645 1279 2704 less
1294 2644 1460 2705 November
1474 2644 1507 2704 l.

459 2833 628 2901 Menoe
648 2834 705 2900 cer
726 2834 871 2901 socae
891 2854 951 2900 voe
973 2833 1059 2901 vac
1084 2833 1153 2899 ene
1173 2835 1259 2900 sene
1279 2831 1373 2898 amc
1393 2830 1557 2898 eccam

356 2940 394 3005 ia
415 2941 516 3006 daem
529 2938 678 3005 Prooeese
698 2941 758 3005 mit
772 2937 902 3005 Vlreicla
915 2939 984 3004 dem
999 2931 1179 3019 fenoleto,
1202 2937 1330 3020 Brirper
1343 2957 1385 3002 aa
1399 2926 1555 3017 Passuri,

355 3044 425 3111 uod
445 3042 595 3110 Dicam
617 3044 725 3110 Maca
741 3042 836 3108 Fran
857 3064 962 3127 weyers
982 3044 1067 3109 einer
1082 3040 1311 3127 Wainparteas,
1331 3047 1473 3126 penaeas
1496 3043 1557 3108 der

356 3147 1556 3229 Jed,aedenNidemLaceionemesseecn5Vcrcel‚con

356 3252 659 3335 wektemjceruch
679 3258 779 3321 1042.
803 3273 848 3319 aa
873 3253 956 3319 seed
977 3251 1203 3336 olomuc
1228 3252 1372 3336 aafden
1393 3250 1557 3338 Οῆοἰιοάρ

356 3379 398 3423 su
427 3357 630 3425 Gmndreelt
658 3378 700 3423 aa
728 3359 839 3425 rauca
866 3359 951 3439 eiad,
980 3358 1045 3423 Aet
1071 3358 1243 3424 Fredreict
1271 3356 1363 3443 [ΙΙ.]
1391 3358 1458 3439 auf
1480 3357 1557 3423 desa

357 3460 514 3546 Ohoteoeip
543 3463 611 3528 aad
639 3461 820 3528 Haimeioh
847 3483 909 3528 oon
934 3462 1037 3544 Spita,
1069 3462 1242 3529 Sodldader
1270 3483 1311 3527 su
1333 3459 1471 3540 cerm,
1503 3462 1557 3529 als

357 3566 604 3633 Selicdarichter
624 3567 693 3632 uod
716 3567 919 3650 verpflieletea
939 3567 1016 3649 aad,
1038 3567 1109 3633 ἀοηι
1128 3566 1374 3648 Settedeprccle
1394 3565 1557 3632 dessidere

357 3670 1557 3771 uotodcrdtrufedesVerlaalcsallerReclsteaufdanWeinpartcu
1680 3682 1681 3687 ’

356 3775 426 3841 aad
446 3775 504 3841 der
521 3776 671 3861 Zolsloop
692 3798 753 3844 oon
775 3778 872 3844 500.
889 3777 1016 3843 Wiener
1031 3784 1073 3843 vl.
1089 3797 1135 3843 an
1156 3775 1355 3860 deeraop
1377 3775 1556 3861 alefilrof·
1680 3818 1681 3823 κ

354 3879 427 3964 pald
449 3880 695 3963 beistwfla'chteu.

462 3985 597 4069 supter:
619 3989 676 4070 fiir
697 3988 750 4053 die
763 3985 1099 4055 Urumdencoeteller
1116 3985 1231 4069 sicpela
1246 3983 1397 4070 Ohiliam·
1420 3985 1559 4054 Pfarrer

357 4114 400 4157 zu
422 4090 513 4159 Saud
536 4091 666 4177 Giligen
689 4090 745 4178 (Ι.)
768 4091 835 4158 und
859 4091 1005 4158 Chunrat
1026 4094 1060 4157 in
1083 4089 1158 4157 dem
1180 4088 1337 4157 Ohorhoff
1356 4089 1440 4177 (Il).

461 4197 601 4264 Datum:
624 4196 731 4283 geben
754 4196 869 4284 (1385)
891 4219 934 4261 an
956 4196 1036 4262 aller
1058 4194 1117 4261 sell
1138 4193 1246 4261 abent.

358 4342 564 4352 ...—...——--.

359 4407 421 4463 tte.
461 4419 474 4444 ⁸
492 4410 548 4461 Das
570 4408 708 4476 Folgende
734 4407 803 4459 fehlt
827 4406 930 4474 infulge
956 4406 1004 4458 der
1022 4406 1259 4474 Versttimmelung
1285 4405 1332 4458 der
1354 4406 1499 4461 Urkundc.
1525 4439 1560 4450 -

358 4499 372 4532 b
389 4497 421 4548 L
439 4501 504 4548 statt
520 4497 693 4562 oduopesimo.

461 4598 473 4632 ¹
490 4600 635 4653 Moosbaoh
652 4600 741 4664 Rom,
759 4599 838 4652 0.-G.
850 4599 972 4661 Tarnim
989 4599 1064 4651 (³213.
1077 4597 1230 4650 Lilianfeld.

360 4720 422 4779 tu.
462 4733 475 4758 ⁸
492 4722 542 4774 auf
556 4723 650 4777 Rasur.
