3400 5350
1311 415 1375 483 695

283 608 365 660 Disce
383 607 514 659 Urkunde
532 623 587 660 war
603 607 645 658 als
663 607 810 660 Deckhlatt
825 608 855 660 in
874 610 964 661 einem
981 608 1072 661 Codex
1089 608 1244 660 remandet
1261 609 1317 661 und
1339 610 1375 662 ist

179 708 222 743 arn
241 693 335 746 linhen
351 695 445 746 Raude
463 693 547 747 durch
565 696 646 747 einen
665 694 863 746 Hohenschnitt
879 694 1045 763 bachanigt.

283 867 481 953 [UJniversis
515 878 548 934 et
580 867 714 956 singulis
748 878 915 955 presentes
944 869 1066 936 litteras
1095 872 1288 958 inspecturis
1315 893 1373 937 nos

178 971 364 1038 Fridericus
387 972 440 1038 dei
462 975 573 1059 gracia
596 971 708 1058 abbas,
730 972 877 1039 lacobus
900 976 987 1060 prior
1009 977 1172 1062 ceterique
1195 986 1373 1042 conventus

179 1079 296 1144 fratres
329 1080 513 1144 monasterii
545 1080 579 1144 in
608 1077 784 1163 Chotvvico,
819 1081 922 1144 sancti
955 1079 1136 1165 Benedicti,
1171 1081 1372 1147 Pataviensis

179 1181 338 1269 dyocesis,
369 1193 480 1247 notum
511 1183 646 1248 facimus
674 1190 707 1248 et
728 1184 1019 1268 re[co]gnoscimus
1042 1183 1184 1272 publi[ce
1208 1186 1281 1272 per]
1303 1208 1372 1273 pre·

178 1297 295 1366 sentes,
320 1285 405 1373 quod
429 1308 502 1351 cnm
526 1285 649 1352 dudum
664 1285 832 1374 religiosus
846 1289 899 1353 vir
914 1288 1134 1354 conventualis
1149 1288 1250 1355 frater
1264 1299 1373 1355 noster

178 1391 308 1456 Vlricus
329 1389 545 1457 Pirichfelder
574 1391 652 1457 dicti
683 1393 868 1457 monasterii
897 1391 1070 1480 presbyter
1100 1393 1273 1480 professus,
1298 1393 1372 1459 olim

178 1505 287 1562 noster
309 1494 423 1582 abbas,
447 1497 577 1562 attentis
601 1497 696 1561 certis
720 1506 752 1561 et
774 1496 1024 1562 racionabilibus
1047 1498 1182 1582 [c]ausis
1197 1498 1259 1564 sibi
1275 1497 1372 1564 dicto·

178 1624 241 1688 que
270 1602 465 1667 monasterio
495 1610 601 1667 nostro
631 1601 826 1688 generaliter
856 1601 1119 1668 incumbentibus
1149 1624 1206 1669 sue
1238 1607 1371 1692 cupiens

178 1704 396 1772 commoditati
425 1705 616 1792 utilitatique
645 1706 763 1793 prefati
792 1709 987 1788 monasterii,
1018 1707 1292 1795 quemadmodum
1317 1712 1372 1796 pia

177 1810 355 1876 devocione
378 1810 594 1898 pretendebat
608 1810 780 1877 salubriter
794 1812 976 1898 providere,
999 1815 1126 1899 private
1141 1823 1254 1901 sponte
1268 1812 1371 1879 libere

177 1914 424 2003 [c]apitulariter
454 1914 584 2003 capituli
613 1918 713 1981 nostri
743 1937 904 1982 consensu
925 1919 1078 2003 requisito
1099 1916 1241 2003 legitime
1264 1927 1296 1983 et
1317 1917 1370 1984 ob

177 2029 265 2086 tento
287 2022 377 2086 oneri
400 2022 534 2086 cesserit
555 2022 719 2106 regiminis
741 2020 880 2086 abbacie
901 2023 1147 2108 resignaeioque
1169 2020 1313 2107 legitima
1331 2046 1371 2087 ac

177 2124 314 2190 abbacie
337 2126 544 2190 renunciacio
566 2125 654 2191 facta
675 2126 709 2190 in
731 2147 847 2190 manus
869 2124 1043 2191 reverendi
1065 2128 1098 2191 in
1121 2125 1248 2192 Christo
1271 2128 1371 2213 patris

176 2252 216 2294 ac
246 2228 366 2295 domini
388 2229 538 2314 [domin]i
559 2229 711 2295 Iohannis
739 2232 881 2317 episcopi
904 2230 1106 2295 Patavicnsis
1128 2232 1370 2317 resignacionis·

177 2355 240 2420 que
270 2356 329 2420 per
358 2336 463 2420 ipsum
495 2332 660 2400 dominum
689 2334 868 2401 Iohannem
898 2337 1085 2422 episcopum
1115 2334 1293 2400 affectualis
1315 2333 1369 2400 ad·

177 2439 284 2503 missio
314 2437 434 2504 fuerint
463 2443 618 2506 canonice
640 2435 824 2525 subsecuta,
847 2462 905 2504 nos
928 2438 1116 2506 Fridericus
1138 2438 1252 2523 abbas,
1283 2441 1371 2527 prior

176 2541 276 2607 Iacob
297 2551 465 2629 totumque
488 2544 664 2630 capitulum
687 2546 872 2610 monasterii
893 2544 1009 2631 prefati
1032 2546 1065 2610 in
1087 2546 1281 2609 monasterio
1301 2546 1370 2632 ipso

176 2656 208 2712 et
230 2648 270 2713 in
299 2646 370 2713 loeo
401 2647 531 2734 capituli
562 2648 781 2736 capitulariter
811 2650 999 2737 congregati
1022 2647 1226 2716 attendentes
1250 2647 1369 2716 exinde

175 2752 337 2839 prefatum
359 2762 503 2818 nostrum
526 2754 659 2819 fratrem
681 2754 827 2819 Vlricum
849 2776 909 2841 per
931 2776 989 2819 nos
1012 2752 1221 2820 consideratis
1248 2764 1368 2820 menta

174 2855 310 2944 literque
341 2860 491 2923 maximis
521 2879 578 2924 sue
608 2859 771 2925 fidelitatis
801 2858 988 2924 devocionis
1018 2860 1148 2944 meritis,
1180 2881 1244 2946 que
1269 2862 1368 2926 mani·
1471 2902 1472 2905 =

175 2960 256 3028 feste
279 2961 465 3028 claruerunt
486 2962 623 3047 indiciis,
645 2966 788 3050 pensatis
811 2986 885 3029 cum
909 2962 1027 3029 effectu
1049 2963 1119 3029 fore
1141 2985 1205 3029 non
1221 2965 1369 3030 inmerito

175 3069 285 3153 gratiis
316 3066 482 3134 beneficiis
512 3078 545 3134 et
573 3069 634 3155 piis
664 3068 829 3134 favoribus
860 3067 1042 3155 specialiter
1069 3069 1247 3154 graciosius
1273 3067 1369 3135 bono

175 3170 314 3238 randum
337 3194 448 3237 omnes
471 3172 675 3238 concorditer
697 3173 853 3257 [nem]ine
878 3173 1084 3260 discrepante
1098 3172 1295 3240 reclamante
1310 3196 1369 3240 seu

176 3279 290 3363 quovis
309 3275 405 3342 modo
422 3276 663 3343 contradicente
677 3287 788 3343 tenore
804 3280 1008 3364 presencium
1024 3300 1082 3365 pro
1097 3277 1232 3345 honesta
1246 3287 1368 3344 susten·

175 3382 301 3447 tacione
330 3382 432 3467 ipsius
462 3381 667 3469 infrascripta
697 3380 784 3447 bona
812 3380 856 3448 ad
879 3385 979 3448 vitam
1001 3405 1093 3449 suam
1115 3383 1301 3469 peripsum
1323 3384 1367 3448 in·

174 3483 367 3551 violabiliter
386 3494 418 3550 et
431 3487 622 3552 inconcusse
638 3483 860 3573 [polssidenda
874 3485 1050 3552 liberaliter
1063 3487 1199 3574 pacifice
1214 3500 1247 3553 et
1261 3489 1368 3574 quiete

175 3592 396 3655 constituimus
418 3589 575 3656 tradimus
597 3589 782 3656 ordinamus
804 3601 837 3656 et
859 3591 1071 3656 effectualiter
1092 3590 1294 3679 providendo
1315 3591 1367 3657 de

174 3696 335 3760 cernimus
365 3693 492 3760 domino
509 3695 618 3760 Vlrico
641 3694 804 3761 antedicto
826 3697 971 3781 inprimis
994 3694 1164 3762 eeclesiam
1185 3695 1368 3782 parrochia

173 3797 237 3863 lem
267 3798 310 3863 ad
333 3798 488 3866 Sanctum
504 3799 624 3883 Vitam,
655 3821 737 3886 quac
760 3798 833 3884 [ad]
855 3802 1084 3866 monasterium
1105 3810 1250 3866 nostrum
1271 3799 1367 3887 pleno

175 3902 350 3968 dinoscitur
380 3905 449 3968 iure
478 3906 651 3990 pertinere,
682 3925 757 3969 cum
784 3904 933 3969 omnibus
962 3906 1028 3970 suis
1057 3906 1179 3971 iuribus
1209 3903 1367 3970 fructibus

172 4005 330 4072 reditibus
360 4007 614 4073 obvencionibus
643 4008 853 4094 proventibus
884 4018 917 4075 et
950 4008 1172 4075 emolumentis
1205 4011 1367 4076 universis

174 4133 248 4177 cum
279 4114 365 4178 omni
393 4113 577 4197 integritate
608 4135 668 4200 per
689 4114 795 4200 ipsum
817 4112 1072 4200 [perciniendis,
1095 4125 1191 4201 prout
1211 4117 1272 4201 ipsi
1293 4114 1367 4181 hac-

173 4226 267 4281 tenus
289 4218 389 4303 ipsius
413 4215 550 4283 ecclesie
572 4227 714 4283 rectores
741 4220 910 4305 percipere
933 4229 1180 4305 consueverunt,
1203 4221 1280 4285 item
1302 4241 1367 4286 ma·

173 4342 273 4406 gnam
296 4320 455 4387 decimam
478 4320 608 4406 ibidem,
632 4324 709 4388 item
732 4321 893 4388 decimam
916 4322 957 4388 dc
981 4326 1071 4390 curia
1086 4323 1173 4390 dicta
1188 4324 1366 4412 Slinghof,¹

173 4426 250 4490 item
280 4424 440 4491 decimam
470 4428 627 4492 minorem
653 4428 687 4491 in
709 4426 876 4512 Halnfeld,
899 4429 976 4494 item
997 4428 1080 4494 VIII
1100 4426 1201 4494 libras
1224 4451 1298 4494 cum
1321 4428 1366 4495 di·

175 4701 237 4757 tte.
280 4703 290 4736 ¹
308 4705 670 4774 Sahlinghofn.-n.‚1cotte
688 4707 873 4775 Obergegeud,
892 4708 968 4762 0.·e.
982 4708 1019 4761 St
1033 4710 1096 4761 Veis
1113 4725 1135 4762 a.
1151 4710 1175 4760 d.
1189 4708 1296 4762 (leiren.
