3400 5350
1288 420 1352 486 579

157 618 264 673 tarum
293 605 448 672 librarum
479 606 684 673 denariorum
704 608 952 675 Wiennensium
976 610 1247 677 exsolvendarum
1270 612 1355 678 dicto

158 711 287 778 domino
313 722 423 777 nostro
445 711 630 777 Pataviensi
661 713 811 798 episcopo
843 716 1061 780 commissario
1083 715 1178 781 huius
1201 737 1299 782 cause
1321 727 1354 783 et

158 816 294 881 dominis
318 815 454 882 ducibus
481 817 576 882 huius
606 827 702 901 terre,
734 815 886 903 quodque
917 829 1028 885 contra
1058 819 1180 886 dictum
1211 843 1353 907 compro

157 923 291 986 missum
320 920 444 986 nullum
473 923 666 1008 rescriptum
695 922 950 1009 impetrabimus,
984 923 1108 990 nullum
1142 924 1354 1011 allegabimus

158 1024 362 1114 privilegium
394 1025 579 1113 nullamque
613 1029 846 1113 excepcionem
880 1050 1078 1115 opponemus
1110 1038 1142 1095 et
1173 1029 1260 1116 quod
1288 1052 1353 1096 non

158 1140 286 1196 utemur
315 1127 472 1195 beneficio
495 1129 628 1196 alicuius
650 1130 732 1218 legis
754 1130 808 1196 vel
830 1134 974 1218 canonis,
1004 1134 1091 1220 quod
1114 1135 1211 1199 viciet
1232 1134 1285 1200 vel
1308 1136 1357 1200 vi‘

157 1238 244 1300 ciare
273 1236 391 1322 poterit
420 1233 603 1300 huiusmodi
634 1237 899 1322 compromissum
929 1239 997 1303 sive
1030 1260 1073 1303 ex
1104 1239 1248 1324 personis
1271 1238 1353 1305 arbi·

158 1350 281 1405 trorum
304 1341 372 1405 sive
396 1342 726 1427 compromittencium
749 1342 818 1405 sive
842 1363 885 1406 cx
906 1340 1017 1426 rebus,
1045 1341 1087 1408 de
1110 1342 1227 1430 quibus
1250 1345 1356 1408 extitit

159 1446 435 1532 compromissum,
463 1447 692 1510 renunciantes
723 1444 881 1511 beneficio
912 1448 1015 1512 omnis
1037 1449 1114 1513 iuris
1136 1448 1355 1535 predictorum

158 1549 324 1615 beneficiis
348 1551 582 1635 excepcionum
604 1559 637 1615 et
657 1548 784 1635 legibus
806 1549 900 1615 nobis
916 1550 1170 1638 competentibus
1185 1561 1219 1617 et
1233 1553 1354 1639 specia-

158 1654 231 1720 liter
263 1653 400 1740 legibus,
438 1653 554 1741 quibus
588 1663 723 1720 cavetur
755 1654 942 1742 generalem
975 1657 1257 1722 renunciacionem
1290 1678 1355 1722 non

158 1757 279 1843 valere,
302 1757 364 1824 bec
387 1761 494 1824 omnia
514 1760 728 1846 promittimus
750 1758 929 1826 accedente
952 1759 1162 1847 stipulacione
1184 1782 1243 1847 pro
1262 1760 1355 1828 nobis

159 1886 199 1930 ac
227 1872 337 1930 nostro
367 1872 529 1929 conventu
559 1885 599 1928 ac
621 1866 813 1929 monasterio
836 1873 869 1931 et
890 1866 1007 1930 nostris
1030 1863 1271 1931 successoribus
1294 1864 1354 1931 sub

160 1991 246 2055 pena
269 1969 415 2055 predicta
437 1978 469 2034 et
491 1968 692 2055 obligacione
714 1968 872 2034 bonorum
894 1978 1076 2035 nostrorum
1097 1971 1303 2056 presencium
1323 1979 1378 2035 et·

161 2075 263 2138 eciam
293 2073 482 2139 firturorum.
529 2073 652 2139 Verum
682 2075 708 2138 si
740 2072 817 2138 dicti
847 2083 986 2161 quatuor
1012 2073 1124 2139 arbitri
1146 2072 1355 2140 arbitratores

161 2200 218 2243 scu
240 2177 427 2244 amicabiles
451 2180 679 2265 compositores
701 2180 734 2243 in
757 2177 946 2245 arbitrando
967 2177 1131 2244 laudando
1146 2178 1355 2265 transigendo

161 2281 327 2352 discordes
358 2284 535 2349 existerent
564 2285 620 2369 sic,
652 2283 739 2370 quod
770 2282 892 2349 dictum
922 2282 1090 2349 arbitrium
1117 2292 1271 2370 pretextu
1294 2283 1355 2349 dis·

132 2412 134 2415 ·
161 2392 270 2457 cordia
302 2388 447 2455 debitum
474 2410 538 2454 non
567 2397 677 2475 posset
698 2389 803 2454 sortiri
826 2389 987 2473 effectum,
1011 2397 1132 2454 extunc
1154 2388 1353 2455 reverendus

160 2505 253 2582 pater
283 2504 316 2560 et
345 2494 502 2578 dominus,
533 2492 682 2559 dominus
712 2491 871 2560 Seifridus
901 2491 1003 2558 abbas
1034 2495 1219 2558 monasterii
1245 2492 1355 2559 Alton-

161 2600 333 2687 burgensis
366 2596 486 2663 ordinis
516 2600 618 2663 sancti
648 2596 817 2664 Benedicti
847 2596 933 2663 dicte
963 2597 1164 2663 Pataviensis
1195 2596 1355 2686 dyocesis,

162 2728 259 2792 quem
289 2703 332 2770 ad
361 2703 423 2769 boc
453 2725 512 2790 pro
543 2702 762 2790 superarbitro
789 2711 900 2769 nostra
921 2712 1099 2790 spontanea
1120 2702 1285 2768 voluntate
1307 2725 1355 2768 re

162 2812 296 2898 cipimus
327 2818 359 2874 et
388 2808 535 2896 eligimus
565 2809 682 2894 cuique
710 2806 753 2873 ad
783 2806 845 2873 hoc
873 2806 1021 2874 dedimus
1051 2816 1084 2872 et
1110 2804 1225 2872 damus
1247 2807 1356 2894 plena·

162 2921 243 2984 riam
273 2926 473 3004 potestatem,
505 2911 642 2980 habebit
664 2922 696 2978 et
718 2912 850 2979 debebit
872 2913 933 2979 sub
956 2915 1048 3000 penis
1070 2913 1234 3000 premissis
1257 2912 1355 2979 dicto·

162 3045 233 3088 rum
249 3021 442 3088 arbitrorum
456 3041 515 3085 seu
529 3016 757 3084 arbitratorum
773 3016 976 3102 discordiam,
991 3027 1086 3105 prout
1100 3016 1161 3082 sibi
1177 3016 1357 3084 secundum

163 3126 259 3193 deum
290 3135 322 3191 et
351 3126 510 3190 iusticiam
537 3123 682 3209 plenarie
711 3123 794 3187 sicut
819 3119 958 3208 predicti
980 3130 1117 3207 quatuor
1139 3119 1251 3187 arbitri
1273 3121 1356 3187 arbi·

163 3240 299 3297 datores
331 3253 388 3296 scu
420 3226 607 3294 amicabiles
631 3228 859 3312 compositores
881 3224 991 3291 facere
1014 3227 1200 3312 potuissent,
1223 3224 1357 3291 laudare

163 3336 303 3401 diffinire
333 3333 491 3401 arbitrare
513 3331 718 3420 promulgare
740 3332 921 3417 transigere
948 3351 1130 3416 conponere
1160 3339 1193 3397 et
1219 3331 1356 3415 intcgra-

162 3440 235 3506 liter
264 3439 386 3506 dictum
416 3437 586 3503 arbitrium
613 3439 796 3502 terminare.
841 3434 1010 3501 Adicimus
1033 3437 1165 3521 insuper
1186 3434 1262 3500 huic
1284 3432 1356 3499 sub·

163 3546 305 3610 missioni
328 3542 505 3610 deliberate
529 3552 561 3608 et
582 3542 717 3628 provide
740 3564 783 3607 ex
806 3539 955 3606 condicto
978 3542 1077 3626 partis
1096 3538 1245 3624 adverse,
1268 3537 1355 3625 quod

165 3652 192 3714 si
225 3651 297 3737 quis
331 3671 374 3715 ex
408 3648 572 3735 premissis
603 3646 732 3712 arbitris
765 3643 1010 3711 arbitratoribus
1043 3666 1102 3709 seu
1133 3642 1357 3710 amicabilibus

164 3752 429 3841 compositoribus
459 3773 537 3817 casu
567 3772 760 3838 quocunque
797 3750 951 3816 decisioni
986 3747 1199 3814 huiusmodii⁰
1229 3746 1353 3812 arbitrii

164 3858 298 3926 comode
326 3861 483 3923 interesse
505 3879 570 3922 non
592 3864 709 3943 posset,
733 3854 820 3942 quod
841 3863 921 3920 tunc
944 3851 1036 3918 nobis
1058 3861 1091 3917 et
1112 3853 1196 3938 parti
1217 3850 1356 3916 adverse

163 3965 267 4032 libera
288 3967 329 4030 sit
350 3961 487 4028 facultas
510 3961 608 4027 alium
630 3959 795 4047 ydoneum
818 3968 850 4025 et
877 3958 1053 4024 discretum
1081 3956 1187 4021 eidem
1213 3954 1356 4041 inpedito

164 4069 285 4136 arbitro
316 4090 373 4134 seu
403 4065 587 4133 arbitratori
610 4063 798 4150 subrogare.
820 4064 861 4129 In
883 4084 1019 4150 quorum
1042 4062 1183 4127 omnium
1204 4057 1305 4125 robur
1327 4068 1360 4125 et

163 4176 380 4241 testimonium
402 4180 512 4237 nostra
534 4169 638 4254 sigilla
661 4168 813 4234 duximus
835 4165 1039 4253 presentibus
1056 4188 1099 4231 ex
1115 4173 1204 4230 certa
1219 4165 1359 4230 sciencia

165 4277 390 4366 appendenda.
422 4276 545 4341 Datum
567 4272 621 4339 die
643 4272 738 4340 beate
754 4272 893 4359 Agnetis
915 4271 1049 4357 virginis
1072 4278 1104 4334 et
1122 4270 1258 4336 martiris
1274 4290 1359 4334 anno

167 4384 287 4451 domini
309 4379 495 4450 MOOOLX
517 4401 612 4446 nono.

166 4661 234 4717 obl).
269 4663 330 4713 οΔ.
