3400 5350
1267 413 1328 477 169

235 606 307 690 Ego
331 604 406 671 Otto
429 606 470 670 de
494 604 704 670 Mainberch¹
726 613 838 670 tenore
861 604 1064 692 presencium
1091 604 1243 691 profiteor
1265 627 1328 670 om-

131 710 227 776 nibus
249 710 335 775 hanc
358 711 509 797 paginam
531 712 734 796 inspecturis,
757 708 843 795 quod
867 708 910 774 ad
924 709 1180 796 promovendum
1203 713 1255 795 pie
1275 709 1328 774 de·

130 816 275 880 vocionis
297 815 504 902 propositum,
528 814 614 900 quod
638 812 785 879 Alheidis
806 813 874 878 filia
895 817 1011 879 sororis
1032 835 1105 878 mee
1128 813 1251 879 dudum
1266 813 1328 878 deo

96 951 102 958 ·
131 927 263 984 auctore
287 920 436 1004 concepit
457 928 490 982 et
512 939 598 983 nunc
618 939 677 1004 per
692 919 895 983 emissionem
910 920 976 982 voti
991 916 1235 1002 solempnizavit
1250 940 1329 1003 erga

132 1025 362 1089 monasterium
393 1021 627 1106 Chotwicense,
658 1024 691 1086 in
718 1044 781 1109 quo
812 1022 872 1087 sub
900 1022 1014 1107 regula
1043 1022 1130 1088 beati
1159 1021 1328 1087 Benedicti

132 1128 300 1193 vulteum
322 1125 617 1192 sanctimonialibus
639 1125 760 1191 ibidem
790 1125 850 1192 deo
877 1128 994 1211 iugiter
1020 1125 1178 1210 famulari,
1206 1128 1328 1191 curiam

132 1254 239 1298 meam
266 1232 301 1296 in
324 1230 589 1316 Schintelekke,²
616 1252 714 1317 quam
741 1232 804 1295 emi
830 1241 911 1317 aput
939 1230 1103 1296 dominum
1125 1229 1328 1296 Fridericum

132 1335 173 1401 de
195 1335 391 1419 Hausekke,
414 1333 592 1401 solventem
614 1336 780 1401 annuatim
810 1344 876 1400 tres
905 1334 1005 1400 libras
1028 1334 1233 1401 denariorum
1264 1357 1327 1399 om·

131 1440 227 1505 nibus
258 1442 448 1526 computatis
478 1438 584 1504 eidem
614 1438 751 1505 ecclesie
781 1438 841 1504 sub
877 1438 1055 1504 venerabili
1090 1439 1217 1506 domino
1247 1440 1328 1505 Her·

132 1567 251 1610 manno
285 1554 362 1610 tunc
391 1543 509 1609 abbate
539 1542 660 1609 ibidem
692 1542 734 1609 de
768 1566 928 1610 consensu
961 1547 1071 1609 uxoris
1105 1554 1138 1609 et
1170 1543 1328 1610 heredum

131 1671 279 1714 meorum
301 1651 334 1714 in
356 1649 521 1734 proprium
544 1646 645 1713 obtuli
664 1657 820 1733 perpetuo
835 1647 1063 1734 possidendam
1085 1650 1129 1712 ita
1152 1658 1270 1730 tamen,
1294 1657 1330 1713 nt

131 1752 266 1820 easdem
289 1762 355 1819 tres
376 1751 475 1816 libras
498 1761 691 1818 memoratus
708 1752 855 1817 dominns
870 1752 1078 1818 Hermannus
1093 1751 1195 1817 abbas
1210 1751 1263 1816 vel
1279 1753 1329 1816 sui

131 1879 337 1941 succesores,
368 1859 423 1944 qui
452 1878 511 1943 pro
540 1865 684 1942 tempore
715 1856 843 1941 fuerint,
875 1857 1000 1943 prefate
1031 1856 1163 1922 Alheidi
1192 1860 1225 1921 in
1255 1856 1327 1922 sub-

131 1962 251 2028 sidium
272 1960 440 2047 prebende
463 1961 556 2025 annis
579 1960 723 2046 singulis,
747 1961 855 2046 quoad
871 1963 998 2046 vixerit,
1021 1962 1264 2044 amministrent,
1289 1984 1328 2026 ca

131 2089 209 2133 vero
232 2075 359 2132 mortua
382 2067 505 2130 curiam
528 2064 666 2130 eandem
681 2067 764 2130 sicut
775 2074 883 2130 cetera
898 2064 983 2130 bona
1002 2067 1144 2151 ipsorum
1159 2087 1218 2152 pro
1234 2065 1328 2130 bene·

131 2170 250 2258 placito
273 2168 423 2236 ordinent
445 2179 477 2234 et
499 2168 679 2255 disponant.
725 2168 759 2235 Si
781 2190 860 2234 vero
882 2168 984 2234 dictas
1007 2178 1073 2234 tres
1100 2168 1199 2234 libras
1223 2169 1328 2234 eidem

130 2274 275 2359 Alheidi,
298 2282 334 2338 ut
355 2273 536 2360 predictum
559 2283 617 2357 est,
640 2273 765 2339 solvere
792 2273 1004 2360 neglexerint,
1035 2284 1212 2339 memorata
1240 2275 1329 2338 curia

131 2380 174 2445 ad
196 2401 251 2445 me
280 2379 333 2444 vel
360 2378 403 2443 ad
430 2377 567 2444 heredes
594 2399 683 2443 meos
711 2378 818 2443 denuo
846 2387 1034 2444 revertetur.
1073 2378 1112 2442 ln
1142 2377 1327 2464 supradicta

130 2506 209 2550 vero
234 2485 326 2548 curia
348 2505 411 2548 nec
433 2504 494 2569 ego
515 2503 577 2548 nec
601 2483 771 2569 quisquam
798 2481 880 2548 ulter
908 2481 1066 2546 heredum
1097 2504 1241 2547 meorum
1271 2504 1329 2546 nos

130 2611 189 2675 pro
213 2588 375 2654 advocato
397 2588 546 2672 ingerere
568 2608 738 2672 possumus
761 2608 822 2652 nec
838 2585 1005 2670 debemus,
1029 2585 1088 2650 sed
1104 2585 1228 2673 absque
1244 2587 1329 2651 omni

129 2694 222 2760 lucro
247 2692 386 2759 eandem
409 2691 556 2757 volumus
576 2691 724 2772 fideliter,
748 2694 831 2756 sicut
844 2713 1025 2779 possumus,
1041 2690 1228 2775 defendere,
1253 2691 1330 2756 dum

130 2799 329 2885 requirimur
355 2818 394 2861 ac
425 2795 503 2861 dum
530 2795 666 2860 ecclesie
689 2795 905 2862 Chotwicensi
934 2796 1031 2861 fucrit
1054 2806 1253 2881 oportunum.
1289 2795 1329 2860 In

130 2906 224 2968 cuius
247 2903 297 2967 rei
319 2902 534 2966 testimonium
555 2908 723 2987 presentes
753 2900 861 2965 literas
892 2900 993 2986 sigillo
1022 2900 1142 2965 domini
1171 2898 1329 2963 Friderici

129 3006 172 3072 de
196 3005 382 3072 Hausekke
405 3015 502 3092 atque
524 3007 653 3092 proprio
676 3006 872 3090 consignavi.
918 3005 1032 3069 Testes
1062 3012 1150 3069 sunt:
1181 3002 1328 3067 dominus

128 3108 341 3176 Reinhardus
378 3107 420 3172 de
454 3107 614 3191 Chvlevb,
653 3107 801 3174 dominus
838 3109 1059 3174 Hartmannus
1092 3107 1250 3195 plebanus
1286 3106 1329 3170 de

128 3212 368 3300 Cbirehperch,
391 3212 539 3278 dominus
561 3213 759 3279 Wichardus
782 3212 940 3300 plebanus
963 3212 1005 3277 de
1027 3212 1208 3294 Hofsteten,
1232 3210 1329 3275 domi·

127 3341 192 3385 nus
209 3319 307 3403 vao
323 3317 480 3404 plebanus
495 3316 537 3382 de
561 3317 776 3402 Grauendord,
801 3317 949 3383 dominus
964 3316 1156 3384 Swikkerus
1171 3315 1329 3402 plebanus

129 3422 171 3488 de
204 3420 419 3506 Weinberch,
451 3421 617 3487 (letfridus
652 3421 810 3508 plebanus
844 3421 885 3487 de
915 3422 1095 3502 Ramsteim
1130 3423 1207 3486 item
1240 3419 1328 3486 laici:

128 3526 283 3593 dominus
307 3525 506 3591 Wichardus
529 3526 571 3591 de
594 3526 770 3607 Ramstain‚
795 3525 942 3591 dominus
958 3525 1145 3591 Fridericus
1168 3524 1210 3589 de
1225 3524 1327 3589 Haus·

127 3630 233 3717 ekke,
257 3631 407 3696 dominus
431 3629 552 3695 Albero
576 3629 617 3695 de
640 3630 877 3713 Schevrberch,
900 3631 1047 3696 dominus
1069 3627 1264 3695 Chvnradus
1288 3627 1329 3693 de

126 3735 323 3823 Pylchdorf,
346 3733 495 3800 dominus
518 3733 712 3800 Chunradus
737 3734 778 3799 de
802 3733 1039 3818 Schemberch,
1065 3733 1211 3798 dominus
1231 3731 1329 3796 Hain-

127 3995 197 4054 165.
243 3995 324 4049 ¹Die
347 3997 501 4064 Mninburg‚
525 3999 595 4064 jetzt
616 3998 714 4060 Ruine,
736 3996 782 4065 lag
803 3998 874 4049 beim
897 3996 1113 4064 gleichnamigsn
1132 3994 1197 4046 Orto
1221 4010 1256 4044 an
1283 3993 1330 4044 der

125 4083 248 4137 Pielscb
273 4084 408 4135 awiscben
434 4084 600 4137 Bebenstein
627 4085 683 4135 und
709 4085 863 4136 Hofstetten
890 4082 1127 4150 (Schweiclshardt,
1154 4082 1186 4133 V.
1199 4079 1329 4132 O.W.W.

126 4171 192 4232 vn,
213 4172 269 4236 95).
287 4199 321 4209 -
340 4169 352 4200 ¹
369 4171 425 4222 Der
443 4171 501 4222 Hcs
516 4173 543 4221 in
561 4171 718 4223 Schintelek
740 4172 786 4239 lag
808 4171 904 4222 oetlich
923 4187 976 4221 ron
993 4170 1148 4221 Hoistetten
1166 4169 1210 4219 bei
1227 4166 1331 4233 Aigale-

125 4259 211 4319 bach,
231 4273 286 4309 uer
310 4259 378 4309 1489
400 4259 450 4309 mit
474 4261 490 4309 3
511 4254 598 4323 Μ.
611 4258 680 4310 nach
704 4259 839 4325 Gottweig
858 4258 1035 4325 ainaptlichtig
1059 4256 1134 4323 (Cod.
1147 4256 1174 4305 Η
1192 4255 1210 4305 f.
1224 4252 1251 4319 6)
1274 4251 1330 4303 und

126 4344 227 4397 warde
246 4361 305 4397 vom
323 4345 403 4397 surra
421 4346 556 4413 Gobareig
575 4348 642 4398 152⁷
664 4362 700 4398 an
722 4347 766 4398 die
788 4346 946 4398 Herrschaft
967 4345 1084 4395 Friedau
1108 4341 1239 4394 verkaust.
1274 4341 1330 4391 Der

126 4450 161 4485 sn
191 4434 273 4484 einer
297 4431 468 4484 Weldcultur
494 4433 711 4500 umgeschaffene
742 4433 959 4499 Grundcomplex
990 4432 1064 4482 fohri
1086 4432 1156 4496 jetzt
1181 4429 1249 4480 noch
1277 4427 1329 4479 den

125 4519 262 4587 gleichen
278 4519 443 4571 Flumameu
461 4518 513 4586 (nr.
526 4520 597 4586 338).
627 4519 758 4572 Daneben
777 4519 884 4573 besteht
900 4522 966 4571 aber
979 4519 1049 4585 jetet
1066 4517 1134 4569 noch
1152 4518 1197 4566 ein
1210 4517 1329 4567 Banern·

126 4606 178 4658 hof
205 4610 289 4657 unter
315 4606 376 4656 dem
403 4607 509 4657 Numen
538 4606 697 4669 &Idrrdleck
722 4607 803 4658 n-H.
824 4623 865 4658 nr.
886 4608 929 4668 20,
955 4606 1035 4656 Rotte
1057 4603 1227 4671 Aigelsbech,
1254 4604 1328 4654 Geni.

127 4694 254 4746 erum
269 4708 293 4744 a.
305 4692 330 4744 d
343 4691 463 4771 Pielach.
