3400 5350
342 399 403 464 192

384 590 459 657 178.
1067 593 1150 650 1288
1166 593 1247 666 April
1263 592 1314 658 17,
1331 593 1487 664 (lottwelg.

339 782 448 847 Siboto
463 801 524 846 oon
539 781 694 845 Areatea'o
709 779 912 860 bourkortdet,
933 779 1009 844 dass
1024 800 1057 842 er
1072 779 1125 843 die
1139 776 1313 861 Ueberpube
1328 779 1381 843 des
1396 778 1534 843 Koarad

339 908 400 952 ooo
422 884 612 952 Hdbenbach
641 906 683 951 aa
705 883 979 966 Dietmcnnsdorf
995 903 1039 948 en
1061 883 1121 948 das
1141 883 1224 966 Stin
1246 882 1399 964 Gdttweip
1420 883 1534 948 setena

338 993 440 1057 secer
476 987 592 1055 Eltero
628 988 876 1054 widerrecbtle'clv
913 988 1118 1070 anpesochten
1154 987 1242 1068 habe,
1283 989 1353 1052 aad
1388 988 1534 1071 bestdttpt

865 1092 1005 1158 dissolbe.

443 1254 516 1319 Orig.
529 1251 584 1320 (Δ),
603 1253 679 1318 Perg.
697 1251 894 1318 leuchtflecliig.
926 1251 987 1302 Von
1005 1251 1062 1302 vier
1080 1249 1190 1316 Siegeln
1209 1265 1244 1301 sn
1262 1249 1468 1316 Perg.·Streilen
1486 1249 1533 1300 das

342 1341 436 1391 uweite
455 1339 620 1405 ehgelsllen3
638 1338 722 1405 Copie
735 1339 747 1388 1
759 1340 787 1389 in
800 1338 864 1390 Cod.
877 1339 899 1389 G
916 1338 935 1390 t'.
948 1334 993 1388 46'
1006 1336 1064 1405 (B),
1087 1335 1171 1403 Copie
1183 1337 1211 1387 11
1222 1337 1251 1387 in
1263 1335 1327 1389 cod.
1340 1335 1361 1387 C
1380 1336 1398 1386 f.
1408 1333 1532 1402 stt‘(c).

443 1460 548 1523 Ksrlin,
566 1461 616 1511 337
630 1475 669 1512 nr.
683 1461 723 1510 68.
745 1487 775 1497 -
796 1459 893 1524 FrIsss,
906 1459 958 1510 Die
970 1459 1076 1510 Horren
1088 1475 1113 1509 v.
1126 1459 1274 1524 Kuenring,
1286 1458 1355 1509 Anh.
1365 1474 1404 1510 nr.
1413 1459 1464 1508 tos
1478 1472 1533 1522 reg.
1632 1515 1636 1524 Ι

444 1583 505 1650 Vgl.
524 1598 564 1634 nr.
584 1583 642 1633 15⁷.

443 1740 565 1806 Notum
588 1741 629 1804 sit
649 1739 807 1803 universis
828 1736 1032 1822 presentibus
1048 1745 1080 1801 et
1095 1737 1223 1821 futuris,
1246 1736 1288 1802 ad
1304 1758 1385 1822 quos
1400 1758 1533 1823 presens

340 1848 495 1932 scripturn
518 1845 714 1931 pervenerit,
737 1842 824 1929 quod
847 1865 908 1927 ego
929 1841 1039 1907 Siboto
1062 1840 1168 1907 dictus
1191 1841 1233 1907 de
1256 1842 1410 1907 Arnstein
1426 1840 1534 1907 Chun-

341 1950 456 2016 radum
479 1948 659 2035 Hdrnpach
682 1947 723 2012 de
746 1945 980 2012 Dietmsrstorf
999 1968 1073 2010 cum
1096 1946 1246 2012 omnibus
1268 1945 1443 2012 heredibus
1466 1947 1532 2011 suis

339 2058 404 2120 iam
432 2057 516 2120 natis
543 2062 576 2118 et
602 2054 636 2117 in
663 2061 828 2138 posterum
857 2051 1028 2116 nascituris
1056 2049 1097 2115 ob
1125 2052 1211 2115 omni
1234 2049 1344 2116 debito
1367 2052 1533 2116 servitutis

339 2181 479 2226 unacum
502 2160 582 2224 meis
605 2156 819 2222 coheredibus
842 2154 943 2221 libere
962 2154 1119 2238 relaxavi,
1144 2157 1249 2241 ipsum
1266 2155 1478 2222 Ohunrsdum
1500 2165 1533 2220 et

340 2286 451 2329 omnes
474 2285 548 2328 suos
571 2262 709 2327 heredes
732 2259 868 2326 ecclesie
889 2259 985 2325 beate
1000 2259 1105 2324 Marie
1127 2261 1160 2324 in
1177 2259 1344 2326 Ohdtwico
1366 2260 1408 2326 ob
1424 2262 1533 2326 remis·

341 2370 462 2432 sionem
489 2375 695 2451 peccatorum
725 2386 871 2430 meorum
901 2386 939 2428 ac
970 2374 1143 2449 parentum
1172 2385 1317 2430 meorum
1351 2363 1532 2430 voluntarie

341 2471 516 2553 offerendo,
540 2490 774 2555 recognoscens
798 2469 1025 2554 inpeticionem
1048 2490 1165 2551 meam,
1188 2489 1254 2555 qua
1269 2469 1374 2554 ipsum
1390 2469 1533 2535 indebite

340 2574 536 2661 inpetebam,
565 2573 652 2640 nullo
674 2573 771 2639 modo
793 2573 862 2638 fore
886 2571 1028 2637 debitam
1051 2595 1157 2659 neque
1180 2574 1307 2656 iustam,
1338 2595 1412 2638 cum
1435 2595 1534 2660 quon·

340 2680 416 2745 dam
445 2702 537 2746 meus
567 2679 703 2745 dilectus
733 2681 861 2762 genitor
888 2678 1037 2744 dominus
1060 2677 1138 2744 Otto
1166 2699 1312 2744 necnon
1335 2701 1409 2743 mea
1430 2678 1534 2764 predi·

340 2784 425 2851 lecta
447 2786 592 2870 genitrix
617 2783 747 2849 domina
770 2782 953 2850 Gerdrudis
976 2805 1049 2848 cum
1073 2782 1221 2850 omnibus
1244 2785 1388 2869 ipsorum
1410 2783 1534 2848 heredi·

340 2889 400 2954 bus
423 2898 591 2975 prenotate
611 2888 745 2954 ecclesie
761 2891 867 2974 ipsum
884 2887 1097 2954 chunradum
1112 2886 1286 2953 obtulerint
1300 2890 1533 2953 manumissum

339 3004 516 3080 spontanea
538 2992 714 3060 voluntate.
746 2993 796 3057 Ne
815 2995 917 3076 igitur
932 2992 1076 3077 prefatus
1093 2990 1288 3057 Ohunradus
1303 3000 1360 3057 aut
1375 2993 1425 3057 sui
1442 2990 1532 3055 here·

340 3097 397 3163 des
424 3120 483 3183 per
509 3120 560 3162 me
587 3107 643 3163 aut
671 3118 759 3161 meos
786 3094 963 3161 coheredes
986 3095 1138 3161 videlicet
1164 3096 1298 3161 fratrem
1325 3105 1381 3160 aut
1407 3116 1533 3160 sorores

340 3210 372 3266 et
394 3204 536 3288 ipsorum
559 3200 697 3267 heredes
719 3211 776 3266 aut
802 3222 891 3266 meos
914 3200 1061 3283 heredes,
1084 3202 1111 3265 si
1135 3222 1215 3287 quos
1237 3201 1272 3265 in
1294 3208 1457 3286 posterum
1480 3221 1532 3264 me

339 3308 510 3390 contigerit
537 3327 718 3391 procreare,
746 3304 883 3371 alicuius
915 3306 1114 3390 gravaminis
1136 3304 1315 3370 molestiam
1338 3326 1397 3390 pro
1420 3304 1533 3389 inpeti-

339 3411 430 3474 cione
446 3410 612 3474 servitutis
627 3407 796 3495 prehabite
811 3411 843 3473 in
857 3419 1021 3494 posterum
1033 3411 1212 3495 paciantur,
1228 3406 1385 3494 prelibate
1398 3407 1532 3472 ecclesie

339 3535 484 3578 necnon
509 3514 570 3598 ipsi
593 3511 769 3579 Chunrado
792 3512 961 3598 prehabito
984 3524 1017 3577 et
1039 3514 1106 3578 suis
1129 3511 1303 3578 heredibus
1323 3534 1381 3598 pro
1402 3521 1532 3577 eentum

339 3619 456 3682 marcis
479 3619 605 3703 argenti
621 3617 829 3683 Wiennensis
852 3617 1005 3703 ponderis
1029 3619 1137 3682 statim
1167 3616 1389 3702 persolvendis
1419 3638 1471 3681 me
1499 3625 1531 3681 et

339 3743 449 3786 omnes
480 3723 697 3807 possessiones
728 3743 817 3786 meas
846 3724 880 3786 in
905 3720 1039 3786 Austris
1070 3723 1148 3786 sitas
1179 3720 1244 3786 fide
1274 3719 1351 3785 data
1380 3719 1531 3786 manibus

340 3825 459 3890 domini
477 3825 621 3891 Heinrici
643 3825 721 3890 dicti
744 3825 784 3889 dc
800 3817 975 3910 Mevrling,
998 3833 1076 3889 tunc
1097 3823 1293 3891 venerabilis
1316 3823 1444 3890 abbatis
1459 3847 1530 3911 pre-

338 3931 493 3995 nominati
515 3931 710 4014 monasterii,
734 3929 877 4014 obligavi
899 3929 962 3994 hoc
984 3928 1105 4012 addito,
1133 3929 1220 4016 quod
1242 3931 1311 4015 ipse
1335 3927 1531 3994 Ohunrsdus

338 4056 378 4099 sc
399 4037 449 4100 sui
471 4034 608 4100 heredes
629 4034 778 4099 libertate
801 4034 862 4100 sibi
885 4056 944 4119 per
966 4055 1018 4099 me
1040 4056 1079 4099 ac
1103 4056 1190 4100 meos
1213 4033 1389 4099 coheredes
1411 4032 1532 4098 tradita

339 4148 372 4203 et
394 4161 548 4204 concessa
569 4138 670 4204 libere
693 4138 912 4225 perfruantur.
951 4137 1175 4204 Veruntamen
1198 4139 1225 4202 si
1248 4137 1364 4224 aliquis
1386 4139 1530 4222 ipsorum

339 4244 536 4311 coheredum
563 4244 685 4310 scilicet
707 4245 807 4310 frater
829 4254 887 4309 aut
909 4264 1035 4309 sorores
1058 4265 1119 4308 nec
1141 4265 1205 4308 non
1227 4244 1371 4327 ipsorum
1394 4241 1531 4307 heredes

338 4358 436 4436 atque
473 4350 546 4434 mei,
584 4350 610 4414 si
643 4370 725 4435 quos
758 4369 985 4434 procreavero,
1023 4348 1282 4433 prenominatum
1317 4345 1530 4412 chunradum

338 4453 518 4539 Hirrnpach
541 4474 581 4518 ac
602 4474 677 4518 suos
700 4451 836 4517 heredes
859 4473 998 4537 gravare
1020 4453 1154 4536 insuper
1175 4452 1419 4537 presumpserit,
1450 4449 1529 4517 illud

338 4578 516 4641 gravamen
541 4558 622 4622 meis
648 4555 812 4622 laboribus
839 4567 872 4621 et
899 4556 1051 4642 expensis
1078 4554 1337 4621 accrescentibus
1360 4553 1464 4620 debeo
1487 4554 1530 4620 ad

338 4660 537 4727 voluntatem
558 4663 701 4746 ipsorum
717 4659 885 4727 Chunradi
908 4659 1059 4725 videlicet
1081 4668 1114 4724 et
1136 4679 1268 4725 snorum
1288 4659 1444 4726 heredum
1464 4658 1531 4744 ple·
