3400 5350
374 383 436 448 798

373 575 584 642 habitacionis
606 586 714 643 nostre
729 600 814 643 enno
829 577 952 643 domini
966 577 1131 644 millesimo
1147 577 1230 645 000
1244 581 1459 665 nonagesimo
1474 601 1589 660 nono,

371 680 546 746 indictione
575 685 720 769 septime,
755 681 882 747 decima
912 685 1046 768 septima
1075 681 1128 749 die
1158 686 1278 749 mensis
1301 684 1455 768 octobris,
1492 683 1590 749 hora

372 807 583 872 vesperarum
604 786 658 851 vel
680 789 782 873 quasi,
813 787 1017 873 pontificatus
1039 790 1231 853 sanctissimi
1257 791 1289 853 iu
1312 787 1443 854 Chi-isto
1465 792 1588 874 petiis

372 898 405 956 et
428 889 548 956 domini
568 891 679 974 nostri,
702 890 823 957 domini
845 890 1004 956 Bonifaoii
1026 891 1136 956 divine
1158 892 1370 978 providencia
1388 914 1476 979 pape
1494 895 1589 959 noni

372 994 510 1081 predicti
539 1017 624 1061 anno
653 1017 747 1080 nono,
777 994 981 1082 presentibus
1011 995 1253 1062 honorabilibus
1274 1000 1351 1062 viris
1373 1008 1407 1062 et
1428 997 1586 1063 dominis

371 1098 552 1165 venerabili
581 1109 613 1165 et
641 1100 789 1185 religioso
819 1099 948 1166 domino
979 1100 1132 1166 Heinrico
1165 1104 1351 1167 monasterii
1384 1105 1492 1166 sancti
1529 1103 1585 1167 Io

372 1204 488 1270 hannis
517 1206 551 1269 in
573 1203 746 1269 Waltliusa
767 1206 940 1291 preposito,
969 1203 1103 1270 Nicolao
1126 1205 1355 1293 Sucinpelich‚
1378 1205 1585 1272 Reinhardo

373 1308 415 1374 de
438 1309 598 1395 Friesiug‚
621 1307 796 1375 Ohvnrsdo
812 1308 1005 1395 Flemming,
1029 1308 1138 1375 Vbico
1154 1310 1264 1376 Wieer
1285 1312 1456 1397 armigeris
1479 1310 1583 1376 dicte

372 1414 575 1480 Pataviensis
597 1414 734 1479 diocesis
756 1435 797 1478 sc
818 1412 888 1479 eliis
910 1411 1057 1499 pluribus
1078 1412 1145 1479 fide
1165 1413 1271 1500 dignis
1284 1414 1420 1480 testibus
1435 1413 1481 1479 ad
1499 1437 1582 1502 pre

372 1520 469 1584 missa
490 1521 614 1585 vocatis
635 1517 818 1605 specialiter
840 1528 873 1582 st
893 1520 1023 1603 rogatis.

477 1690 571 1779 (SN.)
615 1693 659 1758 Et
689 1714 749 1780 ego
764 1690 1009 1757 Weilichardus
1032 1690 1073 1756 de
1090 1691 1280 1778 Vicchtsch,
1304 1692 1440 1758 cleiicus
1464 1693 1580 1757 Ratis

372 1799 524 1885 ponensis
554 1796 701 1882 diocesis,
731 1796 881 1893 publicus
911 1795 1069 1882 imperiali
1098 1798 1287 1862 auctoritate
1317 1799 1472 1880 noterius,
1496 1819 1579 1884 pre

373 1902 532 1968 dicturum
573 1901 751 1968 litterarum
793 1900 1041 1988 apostolicarum
1077 1902 1261 1988 recepcioni
1297 1903 1499 1989 requisitioni
1543 1914 1578 1966 et

374 2006 506 2072 decreto
530 2005 742 2091 omnibusque
765 2005 835 2070 eliis
858 2015 891 2071 et
912 2004 1046 2092 siugulis
1067 2007 1242 2092 premissis,
1269 2004 1346 2071 dum
1369 2009 1415 2070 sic
1437 2017 1475 2071 ut
1495 2028 1575 2092 pre

373 2112 507 2177 mittitur
536 2132 596 2197 per
625 2108 845 2175 venerabilem
875 2109 1040 2175 dominum
1071 2108 1261 2197 Gerungum
1294 2112 1493 2198 prepositum
1531 2134 1574 2175 ao

372 2216 513 2281 iudicem
535 2212 733 2280 antedictum
757 2236 867 2280 coram
889 2237 926 2279 eo
949 2225 1124 2302 agerentur
1143 2225 1176 2280 et
1190 2216 1314 2299 fierent,
1338 2238 1480 2281 unacum
1495 2238 1572 2302 pre-

372 2321 542 2386 nominatis
573 2318 707 2385 testibus
738 2319 867 2385 interfui
890 2341 992 2405 esque
1016 2322 1063 2384 sio
1085 2320 1155 2385 fieri
1177 2318 1245 2385 vidi
1267 2330 1300 2385 et
1321 2319 1439 2385 audivi.
1486 2320 1573 2386 Ideo

373 2425 434 2489 hoc
463 2446 597 2510 presens
627 2421 793 2511 publicum
823 2426 1069 2491 instrumentum
1098 2428 1230 2512 propria
1258 2448 1357 2492 manu
1386 2447 1459 2491 mea
1492 2448 1570 2491 con·

373 2530 486 2614 scripsi
509 2528 551 2593 de
573 2527 726 2593 mandato
749 2528 870 2594 domini
892 2530 1044 2616 prepositi
1072 2530 1187 2595 iudicis
1209 2529 1354 2617 predicti,
1378 2529 1503 2595 confeci
1528 2533 1569 2595 si·

372 2655 501 2721 guoque
517 2642 549 2699 et
563 2634 690 2699 nomine
706 2633 786 2699 meis
802 2632 901 2698 solitis
917 2636 1077 2699 consuetis
1092 2657 1233 2701 unacum
1252 2637 1448 2723 appensione
1469 2634 1569 2721 sigilli

373 2738 518 2804 eiusdem
550 2737 670 2803 domini
699 2740 853 2826 prepositi
883 2740 1071 2825 consignavi
1100 2750 1232 2825 rogatus
1262 2750 1294 2805 et
1326 2741 1498 2826 requisitus
1533 2743 1568 2804 in

372 2843 471 2909 fidem
493 2853 526 2908 et
547 2841 646 2908 robur
668 2845 904 2929 premissorum.

476 3017 502 3068 S.
525 3017 550 3068 d.
573 3016 698 3083 Propstes
721 3017 831 3083 Gerung
853 3033 878 3066 v.
903 3017 940 3068 St
957 3017 1052 3069 Pelen
1080 3018 1156 3078 tund,
1178 3024 1246 3085 grdn
1269 3018 1319 3070 suf
1338 3017 1470 3078 ScbtlsseL
1494 3018 1520 3068 11
1534 3018 1564 3069 B.

371 3104 439 3155 Abb.
458 3104 502 3155 bei
524 3103 658 3165 Duellius,
676 3103 750 3164 Ere,
767 3104 834 3155 Tab.
847 3106 882 3154 24
904 3120 944 3154 nr.
960 3106 1019 3155 818.
1046 3104 1097 3155 Am
1114 3106 1164 3156 Rv.
1183 3105 1209 3155 d.
1226 3105 1320 3172 signet
1336 3105 1416 3166 rnnd,
1429 3109 1500 3171 grfln
1517 3104 1568 3155 suf

372 3191 505 3253 Sohdssel,
523 3191 595 3242 ivs
607 3194 631 3242 2.
660 3191 714 3242 Ein
732 3190 858 3243 erlidliter
874 3191 990 3258 Sparten
1009 3208 1034 3243 u.
1053 3193 1098 3243 eiii
1116 3192 1230 3245 Bellien.

414 3433 494 3502 886.
1187 3440 1271 3498 1399
1286 3441 1451 3499 November
1467 3440 1518 3499 11.

476 3610 595 3676 Honos
616 3610 673 3675 der
694 3610 896 3693 Hcsbpersper
917 3610 986 3675 uod
1006 3610 1154 3693 Morurct
1174 3612 1259 3676 reice
1277 3611 1371 3676 Frou
1392 3611 1562 3694 verbosos

371 3715 437 3780 Aet
459 3713 591 3779 Jotans
605 3712 717 3799 [HL]
739 3714 806 3778 und
828 3714 899 3779 ders
920 3714 1076 3781 (locossic
1096 3736 1137 3779 ru
1151 3714 1311 3799 Kottwcq
1332 3716 1388 3798 fiir
1409 3715 1462 3780 die
1476 3715 1563 3782 Obici

371 3820 424 3885 des
447 3819 560 3901 Stiftes
583 3839 637 3882 um
659 3823 725 3883 100
739 3819 781 3882 o.
798 3817 924 3884 Wiener
939 3827 980 3884 θ».
997 3819 1087 3883 ibren
1107 3820 1298 3903 freteiocncs
1319 3820 1397 3902 Hos,
1422 3826 1562 3903 penam

371 3926 423 3991 des
454 3922 673 3989 Slicrbeclrlten
702 3923 779 4006 Hos,
811 3924 860 3988 oei
889 3925 945 3989 der
973 3923 1098 3989 Melet
1127 3925 1176 3990 bei
1203 3925 1419 4008 Tuersendorf
1441 3927 1477 3990 in
1506 3925 1562 3989 der

370 4028 491 4112 Psarre
512 4028 606 4094 Sasu
627 4027 799 4112 Lycum

474 4133 610 4217 Sicpler:
648 4131 762 4197 Hsnns
796 4131 855 4198 der
889 4135 1103 4219 Hewperiger
1133 4133 1198 4221 (L),
1235 4134 1365 4200 Petrein
1403 4133 1462 4200 der
1495 4135 1560 4200 Ma-

371 4248 465 4325 genst
486 4237 571 4325 (ll),
601 4243 695 4303 enter
723 4238 832 4303 wreus
853 4237 955 4321 Sicod
984 4238 1051 4303 sicli
1070 4239 1218 4321 Marprct
1244 4239 1351 4304 biosdct
1377 4238 1487 4324 (werin
1509 4239 1560 4304 ich
1679 4209 1680 4296 l

370 4353 530 4430 egenente
553 4343 710 4427 Mergret,
733 4343 891 4408 Hannsen
914 4342 972 4407 des
995 4343 1206 4429 Heilpeuger
1228 4343 1400 4427 beneficit,
1428 4342 1562 4411 dieozeit

370 4452 466 4535 aigen
488 4447 603 4535 insigel
626 4445 716 4512 nicht
736 4445 868 4532 enhab)‚
891 4446 948 4513 Ott
964 4446 1022 4512 der
1036 4447 1249 4535 Hesperiger
1263 4446 1363 4534 (HL),
1387 4447 1447 4512 dei
1462 4448 1561 4513 Veter

371 4553 429 4619 des
451 4554 578 4637 Hanns,
600 4551 669 4617 und
690 4550 840 4616 Fridreih
863 4551 923 4616 dei
944 4552 1189 4618 Praiinstorffer
1204 4551 1301 4639 (IV).

473 4656 613 4722 Datum:
644 4654 760 4723 Geben
792 4652 906 4741 (1399)
936 4678 978 4720 sn
1001 4657 1130 4743 freytag
1152 4678 1210 4721 vor
1233 4655 1314 4720 sarid
1336 4655 1560 4744 Kathreintsg.
