3400 5350
1282 457 1344 522 ttt

257 648 436 714 Bonifatius
466 651 645 736 episcopus,
673 672 786 716 servus
809 673 977 717 servorum
1000 650 1062 735 dei,
1090 649 1207 716 dilecto
1229 650 1294 715 filio
1311 700 1344 716 ..

5 780 27 809 ιν
154 756 315 840 preposito
345 757 528 821 monasterii
558 756 660 821 sancti
682 754 802 842 Ypoliti
833 754 874 821 de
897 754 1017 822 Sancto
1040 755 1169 842 Ypolito
1195 778 1255 843 per
1276 777 1345 842 pre

154 860 292 944 positum
314 857 396 924 soliti
417 858 594 945 gubernari
607 860 810 925 Pataviensis
829 859 965 926 diocesis
988 859 1124 926 salutem
1146 870 1179 926 et
1199 859 1345 945 apostoli·

154 986 227 1028 cam
249 963 515 1030 benedictionem.
547 964 776 1050 significarunt
797 965 890 1030 nobis
913 964 1020 1030 dilecti
1043 965 1100 1030 lilii
1123 1016 1130 1030 .
1155 1012 1163 1028 .
1187 964 1291 1030 abbas
1314 974 1347 1029 et

156 1078 331 1134 conventus
353 1071 538 1135 monasterii
558 1071 591 1135 in
614 1070 761 1137 Gotwico
788 1068 910 1135 ordinis
937 1072 1040 1135 sancti
1062 1068 1230 1136 Benedicti
1252 1068 1346 1134 Pata·

155 1175 274 1239 viensis
297 1174 443 1260 diocesis,
466 1174 555 1261 quod
576 1174 721 1241 nonnulli
735 1176 912 1262 iniquitatis
927 1174 993 1258 filii,
1017 1196 1097 1262 quos
1111 1196 1244 1262 prorsus
1258 1175 1345 1261 igno

154 1288 236 1363 rant,
271 1277 414 1345 decimas
447 1282 602 1366 primitias
634 1301 750 1346 census
780 1279 927 1345 redditus
958 1290 1062 1346 terras
1092 1279 1203 1346 domos
1232 1281 1346 1345 vineas

154 1386 372 1470 possessiones
393 1394 487 1471 prata
508 1406 629 1470 pascua
650 1406 783 1450 nemora
805 1384 903 1451 silvas
926 1406 1021 1471 agros
1035 1386 1192 1472 piscarias
1207 1393 1346 1469 stangna

154 1486 237 1552 latus
259 1488 461 1574 aqueductus
484 1488 667 1554 molendina
689 1491 842 1577 grangias
870 1488 992 1555 litteras
1019 1491 1210 1555 auttenticas
1232 1491 1346 1554 instru-

154 1602 262 1657 menta
283 1592 415 1680 publica
437 1592 535 1659 libros
558 1603 746 1659 ornamenta
761 1593 980 1659 ecclesiastica
996 1603 1180 1660 sanctorum
1194 1591 1346 1680 reliquias

155 1718 267 1762 cruces
292 1696 408 1763 calices
431 1718 510 1762 vasa
531 1720 631 1764 aurea
654 1709 686 1763 et
708 1708 864 1784 argentea
886 1699 994 1785 legata
1016 1698 1184 1765 domorum
1198 1696 1346 1764 utensilia

155 1799 244 1866 bladi
273 1812 306 1868 et
333 1804 400 1867 vini
429 1804 624 1888 quantitates
653 1816 762 1870 vestes
791 1802 902 1869 laneas
925 1813 958 1869 et
984 1803 1085 1870 lineas
1114 1826 1214 1891 equos
1243 1803 1345 1869 boves

154 1928 272 1972 vaccas
295 1928 373 1971 oves
395 1929 509 1993 porcos
531 1929 647 1994 capras
669 1931 780 1973 servos
803 1911 961 1996 emptitios
977 1911 1189 1996 pecuniarum
1204 1930 1346 1974 summas

155 2022 188 2077 et
209 2011 361 2078 nonnulla
383 2011 447 2078 alia
468 2011 555 2079 bona
576 2012 619 2078 ad
642 2012 763 2079 dictum
786 2015 1015 2080 monasterium
1030 2016 1210 2101 spectantia
1223 2023 1345 2080 temere

155 2126 188 2182 et
208 2115 371 2182 maliciose
386 2116 547 2183 occultare
564 2127 596 2182 et
611 2118 735 2184 occulte
751 2117 896 2184 detinere
912 2128 1101 2205 presumunt
1115 2141 1179 2184 non
1195 2128 1345 2184 curantes

156 2244 196 2287 ea
223 2220 355 2308 prefatis
386 2221 497 2288 abbati
526 2232 559 2288 et
581 2225 755 2290 conventui
777 2222 934 2289 exhibere
957 2227 990 2289 in
1013 2226 1192 2290 animarum
1214 2245 1346 2289 suarum

155 2325 332 2412 pericnlum
361 2336 394 2392 et
422 2329 565 2414 ipsorum
594 2327 722 2394 abbatis
752 2338 785 2394 et
814 2338 993 2396 conventus
1015 2351 1055 2395 ac
1076 2330 1260 2395 monasterii
1281 2350 1344 2393 non

154 2429 338 2496 modicum·
368 2429 606 2519 detrimentum,
637 2455 735 2519 super
765 2455 828 2520 quo
857 2433 954 2501 iidem
984 2433 1087 2499 abbas
1115 2443 1147 2499 et
1168 2441 1346 2499 conventus

154 2534 327 2621 apostolice
350 2535 436 2601 sedis
458 2537 638 2603 remedium
660 2536 880 2625 implorarunt
915 2538 1078 2620 Quocirca
1092 2536 1276 2604 discretioni
1290 2546 1345 2603 tue

154 2662 214 2727 per
235 2640 409 2728 apostolica
431 2644 551 2729 scripta
573 2641 776 2728 mandamus,
798 2644 951 2731 quatinus
972 2664 1082 2709 omnes
1097 2642 1281 2709 huiusmodi
1295 2663 1346 2708 oc·

156 2745 257 2811 cultos
281 2745 465 2812 detentores
487 2745 687 2814 decimarum
709 2750 923 2835 primitiarum
945 2770 1099 2815 censuum
1114 2746 1299 2813 reddituum
1313 2755 1347 2813 et

154 2849 289 2916 aliorum
318 2851 476 2918 bonorum
507 2851 726 2939 predictorum
757 2877 801 2921 ex
830 2864 923 2941 parte
953 2863 1063 2920 nostra
1088 2852 1218 2940 publice
1239 2854 1273 2917 in
1295 2874 1345 2917 ec·

155 2956 260 3021 clesiis
290 2978 399 3022 coram
427 2956 546 3044 populo
575 2979 635 3044 per
663 2967 695 3024 te
724 2959 777 3024 vel
805 2959 903 3025 abum
926 2980 1067 3043 moneas,
1097 2967 1133 3023 ut
1154 2957 1239 3023 infra
1261 2979 1345 3022 com·

153 3070 318 3146 petentem
346 3064 528 3146 terminum,
559 3083 657 3149 quem
683 3065 729 3128 eis
751 3063 933 3151 prefixeris,
964 3085 1003 3128 ea
1024 3062 1157 3149 prefatis
1179 3060 1291 3128 abbati
1313 3070 1346 3127 et

155 3167 326 3231 conventui
347 3189 369 3230 a
391 3188 426 3232 se
449 3164 559 3232 debita
585 3169 755 3234 restituant
778 3177 810 3233 et
831 3167 978 3233 revelent
999 3176 1032 3233 et
1053 3166 1095 3232 de
1116 3169 1194 3253 ipsis
1216 3164 1345 3253 plenam

155 3278 188 3333 et
210 3270 351 3339 debitam
373 3273 623 3340 satisfactionem
645 3272 835 3360 impendant
856 3277 931 3339 etsi
946 3272 979 3338 id
994 3294 1059 3339 non
1073 3271 1117 3338 ad
1131 3272 1343 3359 impleverint,

153 3380 238 3447 infra
252 3378 351 3445 abum
366 3388 602 3465 competentem
617 3382 798 3463 terminum,
822 3401 919 3466 quem
935 3380 981 3444 eis
996 3378 1039 3444 ad
1053 3377 1116 3443 hoc
1130 3379 1344 3465 peremptorie

155 3483 287 3550 duxeris
302 3481 539 3569 prefigendum,
560 3504 603 3548 ex
618 3493 694 3549 tunc
709 3485 743 3548 in
758 3504 813 3548 eos
828 3482 990 3567 generalis
1005 3482 1344 3548 excommunicationis

153 3591 345 3655 sententiam
367 3587 513 3675 proferas
537 3597 569 3653 et
591 3609 663 3653 eam
685 3587 797 3671 facias,
828 3586 883 3653 ubi
911 3595 943 3652 et
969 3586 1100 3673 quando
1122 3585 1278 3673 expedire
1301 3587 1345 3650 vi·

155 3694 251 3778 deris,
283 3715 385 3780 usque
412 3692 455 3758 ad
478 3692 729 3758 satisfactionem
751 3691 945 3777 condignam
969 3690 1153 3757 solemniter
1175 3689 1343 3777 publicari.

152 3799 274 3865 Datum
296 3799 399 3864 Rome
421 3796 508 3885 apud
531 3797 687 3865 Sanctum
709 3798 842 3863 Petrum
860 3797 916 3864 v1.
933 3795 1006 3862 idus
1028 3795 1221 3879 decembris,
1245 3796 1343 3882 ponti·

152 3904 267 3969 ficatus
289 3905 390 3969 nostri
411 3924 496 3970 anno
519 3912 643 3969 octavo.

197 4129 277 4197 861.
1007 4133 1089 4194 lact
1105 4134 1234 4195 Febrim·
1249 4133 1299 4194 lo.

256 4322 401 4390 Lama
421 4323 478 4388 der
496 4322 617 4406 Hesper,
641 4323 719 4407 Voyt
739 4344 780 4388 sas
794 4322 998 4406 Solbeaperp,
1020 4323 1089 4389 arad
1105 4321 1240 4389 Zoolsrei
1260 4324 1345 4389 aciae

153 4425 246 4492 Fron
267 4428 441 4511 celeusma
463 4429 522 4493 mit
543 4426 685 4493 Heroden
711 4428 796 4493 s'brea
817 4427 1035 4493 Lebeaaberrn
1056 4429 1157 4493 iliram
1178 4428 1346 4511 Sobwoyer

152 4531 294 4614 Stephon
321 4533 392 4598 dem
412 4530 608 4597 Howsloden
636 4532 705 4598 arad
734 4532 842 4599 maen
865 4533 961 4597 Froc
981 4533 1080 4614 Affro
1100 4533 1192 4598 ibren
1214 4532 1289 4616 Hos
1303 4554 1345 4598 ea

155 4685 360 4693 ὴ...-

152 4758 219 4814 stc.
259 4770 273 4795 ⁸
290 4760 322 4812 Δ.
341 4759 526 4813 ommodicsun.
