3400 5350
1328 417 1392 485 806

201 626 312 673 earum
340 607 447 692 copias
468 604 513 670 sd
536 614 610 671 acte
633 657 1390 674 ........................

201 719 233 776 et
255 732 364 776 coram
386 709 478 775 nobis
500 709 659 776 ambobus
682 734 723 776 an
746 719 780 776 et
801 713 894 777 cuius
916 711 1091 779 iurisdictio
1113 735 1173 801 per
1191 712 1328 780 alterum
1349 735 1393 778 ex

200 815 291 881 nobis
314 865 1137 883 ..........................
1162 817 1203 882 de
1231 839 1392 883 consensu

199 930 391 1007 procuratur
413 919 572 986 dictarum
595 922 734 1006 partium
757 942 814 1006 pro
837 929 892 986 tuo
915 942 1054 1007 pernes
1077 921 1152 988 data
1174 922 1390 988 luithere..

200 1075 956 1091 ........................
980 1029 1026 1092 uti
1054 1026 1184 1094 volebat
1206 1029 1391 1115 peripsum

198 1132 356 1197 notarium
387 1139 533 1196 actorum
560 1150 670 1195 coram
692 1131 770 1217 ipsis
792 1129 958 1216 productis
982 1141 1014 1197 et
1035 1135 1230 1218 presentatis
1253 1182 1390 1198 .....

200 1286 894 1302 ......................
919 1246 952 1301 et
982 1237 1107 1322 iniuste,
1139 1236 1225 1323 quod
1248 1235 1392 1324 prefatus

199 1340 347 1405 dominus
363 1310 514 1405 rlndreas
537 1338 682 1405 officialis
704 1349 871 1427 tamquam
895 1350 1050 1407 executor
1069 1341 1325 1429 apostolicus.

201 1496 926 1512 .......................
951 1446 1079 1513 nulliter
1105 1457 1139 1512 et
1166 1445 1207 1511 de
1230 1446 1317 1511 facto
1339 1393 1392 1509 vel

200 1550 312 1617 saltem
334 1549 478 1616 indebite
501 1558 534 1616 et
556 1551 670 1615 iniuste
692 1553 724 1614 in
748 1561 856 1615 nostre
879 1550 1105 1617 iurisdictionis
1122 1601 1390 1616 .........

200 1705 696 1720 ................
718 1664 755 1719 ut
776 1664 885 1720 tamen
907 1653 1118 1741 Stephanum,
1149 1653 1392 1741 sigismundum

200 1770 232 1826 et
255 1761 392 1826 Paulum
423 1782 462 1825 ac
492 1760 638 1825 homines
669 1760 871 1847 supradictos
895 1810 1390 1827 ................

200 1916 532 1931 ...........
556 1865 774 1930 huiusmodi
765 1867 826 1930 ruri
853 1875 885 1931 et
910 1866 1032 1931 racioni
1060 1884 1233 1931 consonam
1259 1886 1300 1929 ac
1321 1865 1391 1950 ipso

199 1971 364 2059 Stephano
379 1969 549 2057 principali
567 2019 1390 2036 ..........................

198 2076 284 2140 faeta
307 2075 421 2141 fides
412 2096 481 2161 rpee
508 2076 611 2139 eciam
634 2074 818 2161 Stephanus
841 2050 997 2140 Zulrcher
1019 2073 1204 2160 principalis
1226 2073 1391 2159 posicioni·

199 2182 259 2246 bus
284 2230 1105 2245 ..........................
1130 2183 1163 2244 in
1185 2177 1391 2265 Rfiprechcz·

199 2287 305 2352 honen
328 2294 360 2350 et
382 2283 624 2371 sigismundum
646 2283 810 2370 predictos
840 2307 883 2350 ex
907 2287 1013 2351 causis
1036 2283 1228 2372 supradictis
1253 2334 1389 2349 .....

200 2440 791 2457 ...................
817 2388 932 2454 eadem
959 2390 1148 2455 auctoritate
1174 2408 1391 2475 aggravamus

198 2498 230 2560 in
254 2496 314 2560 hiis
337 2495 473 2580 scriptis.
520 2492 682 2573 Quocirca
711 2492 804 2558 vobis
828 2542 1389 2559 ..................

201 2650 402 2665 .......
425 2599 583 2686 premisse
605 2599 793 2663 auctoritate
816 2597 992 2685 apostolica
1011 2597 1197 2685 supradicta
1211 2597 1342 2663 ferimus
1357 2597 1390 2660 in

199 2704 259 2770 hiis
282 2705 408 2790 seriptis
436 2702 579 2768 districte
603 2751 1389 2769 .........................

198 2821 369 2894 gravatum
392 2806 525 2893 singulis
549 2806 664 2872 diebus
687 2806 855 2873 dominicis
879 2816 912 2873 et
933 2807 1055 2872 festivis
1079 2809 1112 2871 in
1133 2805 1326 2871 ambonibus
1341 2827 1390 2870 ec·

200 2913 371 2978 elesiarum
394 2961 1153 2977 ........................
1178 2918 1235 2975 eut
1256 2931 1277 2974 a
1298 2908 1391 2974 nobie

198 3018 286 3085 aliud
309 3016 468 3082 habuerat
489 3017 522 3081 in
544 3015 714 3082 mandetis.
760 3015 803 3080 Et
825 3018 901 3102 quia
923 3015 1067 3081 nonnulli
1091 3065 1389 3080 ..........

201 3171 630 3189 ..............
654 3129 854 3206 exequentes
876 3122 909 3184 in
932 3118 1164 3207 principalibus
1186 3116 1391 3205 processibus

198 3250 238 3294 ac
261 3229 376 3292 nostris
398 3225 479 3290 latas
494 3223 645 3290 incidisse
666 3274 1390 3290 .......................

199 3343 255 3399 aut
276 3328 459 3397 huiusmodi
481 3351 540 3396 noe
562 3328 704 3417 legitime
727 3329 908 3396 certificare
932 3332 1049 3396 curetis
1072 3328 1133 3394 sub
1156 3350 1241 3415 pene
1264 3349 1390 3392 exeom-

199 3437 429 3503 municacionis
448 3432 610 3500 antedicto
632 3482 1390 3500 ........................

198 3542 353 3608 februarii
379 3540 460 3606 hora
480 3560 691 3625 vesperorum
712 3539 767 3605 rel
789 3540 892 3626 quasi,
916 3538 1121 3625 pontificatus
1144 3538 1337 3603 sanctissimi
1359 3538 1392 3601 in

199 3646 326 3714 Christo
348 3647 449 3731 patris
471 3667 511 3709 ao
527 3642 647 3710 domini
668 3689 1390 3710 .......................

199 3752 352 3817 Heinrioo
375 3747 611 3816 Saxenhausen
640 3748 840 3835 presbyteris
870 3758 903 3814 et
929 3746 1053 3813 clericis
1082 3746 1167 3812 dicte
1188 3745 1391 3812 Petaviensis

199 3857 336 3923 diocesis
359 3854 494 3920 testibus
518 3901 1275 3919 ........................

303 4065 397 4152 (SN.)
420 4066 465 4131 Et
486 4086 547 4151 ego
570 4064 730 4150 Georgius
752 4061 1003 4149 Melkehaymer
1026 4109 1391 4125 ............

200 4220 598 4238 .............
622 4165 1390 4253 omnibusaliisetsingulis..........

200 4323 664 4341 ...............
688 4295 786 4338 mauu
817 4273 947 4358 propria
977 4274 1132 4357 seriptum
1157 4323 1164 4336 .
1190 4322 1195 4334 .
1222 4322 1228 4334 .
1254 4320 1261 4334 .
1286 4321 1293 4334 .
1318 4319 1325 4334 .
1351 4319 1358 4335 .
1384 4319 1390 4334 .

127 4401 131 4406 ·
200 4428 728 4446 .................
744 4387 875 4464 regatus
898 4385 930 4441 ct
952 4378 1124 4464 requisitus
1146 4378 1180 4441 iu
1201 4374 1325 4440 fidem.
1352 4426 1358 4438 .
1384 4426 1390 4438 .
