3400 5350
366 404 408 467 82

364 607 395 661 in
417 605 529 660 irritum
549 605 672 661 deducta
691 610 789 662 nostro
805 624 863 662 non
879 611 990 662 starent
1004 607 1132 665 arbitrio.
1164 608 1223 664 Nos
1238 610 1327 684 igitur
1340 612 1487 684 inquisitis
1502 616 1564 670 dili·

364 711 480 784 gentius
504 710 652 782 utriusque
676 728 761 766 cause
783 711 894 768 viribus
919 718 948 767 et
970 713 1106 769 discussis
1129 714 1387 788 utriusquepartis
1407 719 1565 776 meritiset

364 815 596 888 allegationibus,
613 833 678 871 cum
693 823 794 871 contra
809 817 923 871 titulum
937 818 1110 889 donationis,
1127 837 1211 890 quem
1224 838 1257 875 er
1269 821 1420 895 privilegio
1432 823 1563 880 Heinrici

364 921 545 992 imperatoris
557 920 648 976 abbas
661 920 846 976 Medlicensis
861 923 897 977 de
908 923 1008 977 eodem
1019 924 1118 994 predio
1131 925 1330 996 pretendebat,
1347 926 1483 983 abbatem
1491 927 1564 984 Cho·

365 1026 545 1082 tewicensem
565 1025 732 1081 defenderet
750 1026 875 1098 longeva
895 1028 1035 1098 possessio
1052 1019 1070 1059 '¹'
1087 1034 1116 1083 et
1138 1034 1268 1100 preterea
1283 1030 1384 1085 titulus
1400 1033 1565 1089 donationis

366 1122 427 1187 sub
450 1130 586 1186 Heinrico
607 1130 773 1202 burggrafio
793 1137 822 1186 et
842 1133 1022 1204 postmodum
1042 1131 1079 1186 ab
1095 1131 1201 1188 Ottone
1223 1133 1311 1189 fratre
1331 1152 1382 1190 suo
1402 1134 1479 1206 facte
1499 1155 1565 1192 cum

366 1235 517 1291 addicione
533 1235 602 1305 ville
617 1236 647 1289 in
665 1233 887 1306 Ohotzendori,¹
909 1250 968 1292 nos
984 1238 1100 1293 tandem
1116 1239 1151 1292 de
1166 1239 1342 1310 prudentum
1357 1240 1483 1296 virorum
1499 1259 1565 1297 con-

366 1341 430 1396 silio
454 1358 539 1412 super
561 1341 706 1412 premissis
726 1341 784 1396 tale
802 1342 1052 1413 pronuntiavimus
1072 1342 1221 1397 arbitrium
1243 1343 1298 1398 sub
1319 1361 1394 1416 pena
1414 1351 1564 1417 pretaxate

366 1446 489 1517 pecunie
509 1444 628 1500 firmiter
648 1451 807 1501 statuentes
826 1447 987 1503 observari:
1011 1447 1134 1518 primum
1154 1454 1186 1502 ut
1208 1442 1292 1504 inter
1313 1443 1398 1526 ipsos
1420 1440 1566 1507 fraterna

367 1541 495 1606 dilectio
519 1550 552 1605 et
576 1544 694 1606 caritas
717 1545 844 1606 sincera
867 1552 998 1606 maneat
1021 1553 1053 1607 et
1075 1545 1276 1628 inconcussa,
1300 1559 1329 1608 et
1343 1554 1496 1626 possessio,
1513 1574 1565 1626 pro

366 1671 424 1725 qua
439 1654 605 1710 vertebatur
621 1655 826 1725 controversia,
844 1656 962 1724 ecclesie
978 1654 1186 1712 Chotewicensi
1201 1657 1231 1711 in
1249 1658 1311 1712 iure
1326 1664 1487 1713 remaneret
1502 1677 1565 1731 pro·

367 1758 497 1830 prietatis
518 1764 655 1831 perpetue
678 1750 797 1815 abbate
822 1749 1044 1815 bledlioenseb
1068 1777 1119 1815 suo
1140 1766 1169 1815 et
1183 1760 1304 1816 fratrum
1319 1780 1434 1817 suorum
1450 1764 1565 1819 nomine

368 1867 427 1917 tam
447 1863 539 1918 eidem
559 1863 732 1935 possessioni
752 1881 838 1935 quam
859 1864 1010 1937 privilegio
1026 1866 1226 1936 prememorati
1241 1865 1369 1922 Heinriei
1385 1845 1566 1939 imperatoris

367 1968 483 2040 publice
506 1968 536 2023 in
560 1987 662 2024 manus
685 1974 798 2025 nostras
828 1962 1049 2046 renunciante,
1081 1971 1237 2047 quantum
1267 1961 1310 2027 ad
1337 1984 1467 2027 omnem
1494 1965 1566 2028 arti·

369 2064 487 2148 culum,
511 2087 571 2151 per
593 2088 690 2152 quem
713 2064 852 2142 ecclesie
868 2064 1103 2130 Chotewieensi
1123 2076 1280 2152 perpetuo
1296 2066 1461 2132 videretur
1476 2070 1565 2132 nasci

368 2191 463 2255 posse
479 2168 704 2255 preiudieium.
738 2169 1050 2235 Pronunciavimns⁰
1074 2171 1181 2255 etiam,
1205 2181 1241 2236 ut
1262 2173 1333 2236 vice
1356 2194 1453 2236 versa
1476 2181 1568 2236 abbas

368 2281 590 2340 Ohotewicensis
624 2288 653 2338 et
687 2283 807 2339 ecelesia
837 2301 890 2338 sua
920 2260 1039 2354 ecclesie
1069 2284 1235 2340 Medlieensi
1266 2278 1299 2341 in
1333 2285 1420 2339 XXX
1451 2287 1568 2342 talentis

369 2388 477 2442 essent
492 2377 655 2443 debitores
678 2378 851 2465 obligando
875 2402 932 2466 pro
956 2379 1079 2444 eisdem
1102 2379 1143 2445 de
1159 2379 1279 2467 prediis
1296 2380 1432 2458 ecclesie
1448 2403 1507 2461 sue
1523 2381 1566 2447 ad

368 2482 514 2546 redditus
542 2484 636 2546 unius
662 2483 774 2548 talenti
801 2485 834 2547 in
862 2505 962 2548 censu
989 2506 1096 2548 annuo
1123 2485 1180 2567 sic,
1214 2499 1246 2548 ut
1271 2493 1381 2549 utilitas
1407 2495 1442 2549 de
1467 2495 1566 2565 predio

369 2595 497 2667 obligato
527 2595 699 2667 proveniens
725 2596 847 2669 singulis
878 2597 962 2652 annis
989 2598 1020 2651 in
1047 2615 1185 2652 summam
1215 2598 1336 2669 predicti
1367 2598 1456 2654 debiti
1495 2613 1567 2655 eon-

368 2701 547 2776 texeretur,
578 2693 732 2778 quamdiu
762 2694 900 2758 ecelesia
930 2694 1180 2760 Chotewicensis
1209 2697 1243 2760 in
1271 2707 1364 2782 parte
1396 2695 1497 2760 debiti
1518 2718 1567 2759 re-

369 2795 463 2862 sidua
485 2819 549 2862 non
572 2808 658 2863 esset
684 2797 848 2863 solvendo.
894 2808 1028 2863 Preterea
1054 2808 1186 2863 arbitrati
1213 2826 1319 2878 sumus,
1349 2814 1382 2863 nt
1407 2800 1470 2864 hee
1496 2802 1567 2886 ipsa

370 2904 470 2966 nostri
498 2902 623 2967 arbitrii
652 2906 772 2989 scripta
799 2905 1028 2989 pronunciaeio
1052 2903 1112 2968 sub
1136 2903 1239 2990 sigillo
1262 2913 1369 2968 domini
1384 2912 1567 2969 Pataviensis

370 3016 497 3089 episcopi
522 3021 552 3072 et
574 3017 682 3073 domini
705 3017 786 3072 ducis
814 3008 947 3085 Austlie
973 3008 1119 3074 roborari
1146 3009 1282 3074 deberet
1309 3008 1430 3073 abbate
1453 3009 1567 3073 Medii·

372 3113 493 3178 censeb
517 3136 640 3200 suoque
663 3123 826 3179 conventu
848 3124 988 3200 petente.
1035 3121 1109 3177 Acta
1129 3128 1198 3177 sunt
1217 3123 1269 3178 hec
1284 3121 1412 3178 (threnis
1432 3140 1509 3178 anno
1525 3123 1567 3177 in·

371 3227 548 3282 carnationis
564 3227 671 3281 domini
687 3217 856 3301 MCCVII,
872 3219 1051 3283 indictione‘l
1067 3228 1187 3298 decima,
1204 3227 1389 3299 pontificatus
1405 3227 1568 3283 Innocentii

371 3348 446 3402 pape
461 3348 538 3386 anne
554 3331 673 3401 decimo,
697 3336 838 3403 regnante
859 3348 925 3404 rege
940 3330 1093 3404 Phylippo,
1117 3332 1280 3403 presidente
1295 3332 1467 3404 Manegoldo
1484 3331 1568 3387 Pata·

371 3435 479 3491 viensis
495 3435 614 3504 ecclesie
630 3436 773 3507 episeopo,
798 3436 979 3507 presentibus
995 3437 1071 3491 istis:
1099 3436 1214 3491 Tutone
1233 3436 1263 3490 in
1280 3436 1494 3507 Heymburch,⁰
1518 3437 1568 3491 Ar·

372 3539 459 3594 noldo
481 3539 511 3594 in
535 3539 642 3595 Sancta
666 3539 840 3610 Petronella,
864 3540 1028 3613 Pylgerimo
1052 3541 1081 3595 in
1105 3540 1355 3612 Albrehtesberge,
1379 3540 1517 3596 Heinrico
1539 3541 1568 3595 in

372 3644 481 3714 Witen‚
507 3644 631 3717 Syfrydo
654 3644 685 3698 in
701 3644 846 3714 Mttharn,
871 3645 1007 3700 Heinrico
1030 3645 1060 3699 in
1077 3644 1217 3702 Ghvlivbe
1240 3645 1382 3717 plebanis,
1405 3643 1566 3716 Gotefrido,
1589 3678 1593 3685 -

373 3748 559 3821 Engelberto,
575 3747 712 3805 cunrado
728 3749 809 3805 laicis
825 3754 854 3804 et
869 3749 933 3805 aliis
948 3766 1035 3821 quam
1050 3750 1190 3821 pluribus.

476 3934 503 3985 S.
520 3934 544 3983 d.
562 3935 688 3998 Propstes
706 3934 769 3985 Otto
787 3951 813 3983 v.
830 3934 868 3985 St.
886 3933 1003 3998 Florian,
1026 3936 1156 3999 spitaoval
1176 3934 1237 4002 (ὁδε
1249 3934 1304 4002 48),
1326 3935 1481 4001 ungefarbt,
1501 3936 1527 3985 11
1540 3936 1570 3997 Β,

373 4021 510 4072 Umschr.:
529 4021 688 4073 SANCTVS
706 4022 1084 4073 FLORIANVSMARTIR.
1111 4023 1167 4071 Der
1185 4022 1249 4071 heil.
1262 4021 1373 4072 Florian
1391 4023 1441 4071 mit
1453 4021 1571 4074 Gloriole

372 4110 408 4159 ist
429 4109 542 4160 stehend
565 4109 728 4176 dargsstsllt,
754 4111 782 4160 in
804 4110 852 4160 der
874 4110 984 4159 rechten
1002 4109 1084 4158 Hand
1106 4110 1168 4159 eine
1186 4110 1277 4159 Lanae
1295 4110 1413 4169 haltsnd,
1433 4110 1478 4160 die
1497 4110 1571 4160 linlre

373 4199 422 4246 mit
445 4196 492 4247 der
509 4197 732 4263 Mirtyrerpalme
754 4198 803 4248 auf
824 4198 904 4247 einen
927 4196 1074 4248 stehenden
1093 4195 1185 4246 Sehild
1207 4200 1330 4261 gestiltat.
1367 4197 1462 4247 Dieses
1481 4196 1569 4264 Siegel

373 4284 441 4334 fehlt
458 4285 502 4335 bei
520 4284 601 4347 Sava,
620 4285 672 4335 Die
690 4284 937 4335 mittelalterlichen
955 4284 1045 4350 Siegel
1064 4283 1111 4333 der
1128 4284 1252 4345 Abaton,
1271 4283 1297 4334 S.
1310 4283 1369 4333 ass.

373 4493 421 4548 bb.
478 4506 491 4530 ⁸
509 4497 525 4546 lt
544 4498 611 4547 tiber
629 4496 676 4546 der
694 4494 768 4545 Zeile
787 4495 995 4560 nuchgetragen.
1033 4523 1065 4531 -
1101 4494 1163 4544 bd.
1201 4522 1233 4531 —
1270 4495 1326 4543 ⁰oi
1348 4493 1414 4543 ilber
1432 4492 1480 4544 der
1498 4492 1570 4543 Zeile

374 4582 581 4650 nachgstragen.
602 4611 633 4622 -
652 4585 666 4617 ἃ
683 4600 715 4633 ue
732 4583 782 4633 anf
796 4583 890 4633 Rasur.
911 4610 944 4619 —
963 4592 974 4616 ⁰
992 4584 1007 4632 b
1024 4582 1266 4648 hincineorrigiert.
