3400 5350
337 368 402 434 360

441 562 492 612 Die
514 566 602 612 etstan
628 562 693 611 awai
711 560 885 612 Bucbstaben
907 560 954 611 der
971 560 1122 612 Intitulatio
1141 562 1195 612 und
1214 561 1321 628 Arauga
1339 562 1400 613 sind
1418 562 1458 612 als
1476 563 1531 613 Ini-

338 649 422 700 tialan
440 648 604 715 ausgeftthrt.

441 820 594 886 Albertus
618 819 671 884 dei
693 821 797 905 gratia
813 820 1014 885 Pataviensis
1037 822 1207 908 episcopus
1230 820 1272 887 ad
1294 823 1438 888 notitiam
1458 846 1529 909 pre·

338 929 475 993 sentium
508 933 541 990 et
573 926 761 991 memoriam
794 924 985 990 futurorum.
1030 926 1081 991 Ea
1115 949 1178 1011 que
1211 926 1254 991 ad
1288 927 1393 992 cultus
1428 926 1532 992 divini

338 1040 549 1118 augmentum
579 1030 750 1115 proficiunt
780 1039 812 1096 et
834 1052 893 1114 per
916 1051 979 1115 que
1002 1029 1121 1096 Christi
1144 1029 1294 1097 fidelibus
1316 1032 1359 1096 ad
1382 1032 1531 1117 frequen·

338 1137 474 1203 tandum
503 1134 647 1199 divinum
679 1133 820 1197 officium
850 1135 952 1197 maior
979 1134 1188 1200 commoditas
1211 1134 1392 1219 adhibetur,
1415 1137 1531 1201 merito

339 1250 414 1307 sunt
442 1239 582 1322 benigno
612 1238 724 1302 favore
754 1236 976 1324 promovenda
1006 1249 1039 1303 et
1069 1238 1211 1304 studioso
1242 1239 1402 1305 desiderio
1432 1239 1532 1306 adim·

339 1344 470 1434 plenda.
516 1342 713 1409 Constitutus
743 1343 841 1428 igitur
870 1344 903 1408 in
933 1345 1097 1427 presentia
1126 1354 1235 1408 nostra
1265 1342 1369 1410 fidelis
1396 1347 1455 1428 vir,
1487 1344 1532 1409 di·

339 1454 441 1519 lectus
463 1448 538 1514 Otto
562 1445 604 1511 de
626 1444 727 1512 Wald
750 1468 859 1512 coram
882 1446 974 1512 nobis
1002 1449 1179 1533 proponit·
1202 1447 1288 1534 quod
1310 1451 1379 1534 ipse
1401 1450 1434 1513 in
1457 1471 1532 1535 cap·

341 1558 425 1648 pella
456 1554 559 1620 sancti
582 1550 722 1633 Georii,¹
754 1552 813 1615 sita
835 1553 870 1615 in
893 1560 998 1616 castro
1021 1573 1078 1616 suo
1096 1551 1224 1637 Wald,²
1247 1574 1309 1638 que
1333 1552 1488 1617 hactenus
1511 1576 1533 1618 a

340 1665 474 1731 matrice
504 1656 642 1724 ecclesia
671 1656 703 1719 in
725 1656 917 1721 Pirichaccb
948 1656 1081 1743 singulis
1105 1656 1220 1722 diebus
1242 1655 1409 1723 dominicis
1433 1667 1465 1723 et
1487 1658 1532 1723 fe·

341 1771 430 1837 stivis
454 1787 494 1831 ac
510 1760 636 1827 duobus
652 1759 768 1825 diebus
790 1762 823 1825 in
847 1760 1030 1827 ebdomada
1051 1761 1105 1827 vel
1126 1762 1228 1828 tribus
1251 1784 1325 1827 cum
1347 1785 1413 1827 una
1434 1765 1534 1829 missa

340 1869 524 1942 inoflitiarib
548 1876 598 1932 est
620 1865 722 1950 solita,
746 1864 867 1930 cultum
891 1864 1032 1933 divinum
1054 1867 1201 1953 ampliari
1223 1864 1412 1933 desiderans
1427 1869 1533 1954 ipsam

342 1981 384 2047 de
414 1979 479 2043 suis
508 1973 601 2038 bonis
632 1972 770 2058 propriis
801 1969 914 2036 dotare
941 1971 1023 2036 adeo
1045 1971 1244 2056 intendebat,
1266 1970 1355 2058 quod
1377 1971 1533 2059 deinceps

341 2084 469 2173 proprio
499 2088 626 2144 rectore
655 2072 800 2160 gaudere
830 2085 947 2161 posset,
975 2078 1030 2161 qui
1060 2086 1139 2162 aput
1161 2075 1299 2141 eandem
1321 2075 1479 2140 resideret
1501 2086 1534 2142 et

341 2192 375 2255 in
405 2186 511 2252 officio
534 2181 643 2246 divino
666 2179 787 2244 ibidem
810 2179 940 2247 cottidie
962 2176 1115 2245 altissimo
1139 2180 1326 2264 deserviret,
1349 2190 1473 2266 patens,
1497 2190 1534 2246 ut

342 2293 385 2358 ad
414 2291 537 2356 facturn
565 2296 632 2351 tam
662 2286 750 2370 pium
780 2294 813 2349 et
835 2284 989 2351 devotum
1012 2306 1204 2351 consensum
1225 2294 1369 2350 nostrum
1392 2284 1533 2370 benigne

342 2394 498 2464 adhibere
522 2391 738 2476 dignaremur.
781 2389 848 2454 Nos
870 2410 949 2454 vero
972 2388 1136 2454 laudabile
1158 2391 1355 2475 propositum
1377 2390 1477 2475 ipsius
1499 2391 1534 2454 in

343 2502 472 2567 domino
494 2494 767 2578 commendantes,
791 2495 867 2580 quia
890 2493 1165 2559 consideravimus
1186 2493 1313 2580 prefate
1335 2495 1460 2559 matrici
1482 2516 1533 2559 cc·

343 2606 441 2673 closis
463 2603 525 2667 hoc
547 2601 650 2687 magis
673 2597 827 2685 prodesse
850 2621 948 2686 quam
971 2598 1084 2663 obesse
1108 2621 1158 2683 eo,
1181 2597 1269 2686 quod
1290 2600 1360 2686 ipsa
1375 2597 1417 2664 ab
1435 2620 1534 2663 onere

343 2705 554 2777 inoflitiandib
592 2703 749 2791 prefatam
780 2704 970 2791 cappellam,
1000 2713 1037 2769 ut
1064 2706 1268 2791 premittitur,
1302 2707 1335 2770 in
1369 2714 1534 2792 posterum

343 2812 486 2882 manebit
513 2818 701 2897 supportata
729 2808 908 2874 accedente
936 2831 1063 2896 quoque
1093 2808 1179 2874 bona
1208 2808 1373 2874 voluntate
1400 2819 1432 2875 et
1460 2832 1534 2875 con-

344 2918 478 2987 sonssub
501 2913 735 2981 venerabilium
757 2923 790 2979 et
811 2914 1034 2998 religiosorum
1059 2916 1202 2979 virorum
1225 2914 1383 3000 Wulfingi
1405 2914 1533 2980 abbatis

343 3024 527 3092 monasterii
558 3019 788 3086 Chotwicensis
822 3018 942 3083 ordinis
976 3020 1078 3083 sancti
1111 3018 1280 3083 Benedicti
1313 3029 1422 3084 nostre
1456 3018 1533 3105 dyo

344 3132 427 3195 cesis
457 3129 570 3212 suique
598 3133 786 3208 conventus,
817 3123 860 3188 ad
883 3145 962 3209 quos
985 3126 1035 3188 ius
1059 3133 1245 3209 patronatus
1267 3124 1300 3187 in
1324 3124 1462 3188 ecclesia
1483 3123 1533 3188 Pi·

343 3231 495 3301 richaech
526 3228 672 3316 prodicta
701 3230 843 3293 noscitur
870 3230 1041 3314 pertinere,
1071 3250 1198 3293 necnon
1228 3227 1360 3293 discreti
1390 3230 1451 3292 viri
1479 3228 1533 3293 Ni·

344 3337 459 3425 colayb
491 3334 635 3401 eiusdem
665 3333 800 3398 ecclesie
831 3331 961 3418 plebani
983 3354 1041 3397 seu
1063 3334 1195 3397 rectoris
1218 3355 1267 3416 ea,
1291 3355 1354 3418 que
1377 3355 1436 3419 per
1458 3355 1534 3397 eun·

345 3443 420 3508 dam
443 3439 594 3505 Ottonem
625 3440 712 3502 circa
742 3440 897 3523 premissa
926 3436 1063 3523 provida
1092 3438 1267 3502 intentione
1289 3436 1376 3501 facta
1398 3445 1431 3501 et
1452 3436 1534 3500 ordi·

344 3558 421 3613 nata
443 3553 526 3626 sunt,
549 3551 642 3627 grata
665 3552 789 3607 atrata
812 3542 970 3607 habentes
993 3543 1181 3606 auctoritate
1205 3540 1366 3606 ordinaria
1386 3562 1429 3604 ex
1445 3549 1535 3605 carta

345 3651 480 3716 scientia
503 3647 729 3712 confirmamus
752 3647 806 3711 tali
830 3658 938 3712 tamen
961 3644 1105 3710 adhibito
1127 3645 1356 3730 moderamine,
1379 3643 1466 3732 quod
1480 3644 1534 3709 ob

345 3757 489 3837 lationes,
520 3774 583 3838 quc
613 3773 672 3836 per
701 3750 902 3837 sepedictum
926 3749 1078 3815 Ottonem
1106 3759 1138 3814 et
1164 3759 1308 3836 posteros
1331 3771 1406 3815 suos
1427 3771 1467 3814 ac
1489 3749 1534 3814 fa

345 3859 465 3926 miliam
496 3855 671 3922 eorundem
702 3878 760 3920 seu
790 3877 1000 3941 quoscunque
1030 3854 1109 3920 alios
1138 3857 1171 3919 in
1201 3853 1430 3941 principalibus
1457 3856 1535 3918 anni

344 3961 572 4030 festivitatibus
607 3959 758 4025 videlicet
793 3959 913 4045 pasche
948 3960 1173 4044 penthecostes
1207 3960 1381 4024 nativitatis
1415 3957 1536 4024 Christi

346 4081 379 4133 et
411 4066 558 4132 omnibus
592 4063 879 4151 sollempnitatibus
913 4063 1008 4128 beate
1038 4063 1142 4128 Maria
1175 4065 1318 4150 virginis,
1352 4084 1457 4148 queve
1490 4061 1534 4126 ab

346 4173 519 4255 extraneis,
550 4172 604 4256 qui
628 4169 669 4233 da
692 4168 835 4234 eiusdem
860 4167 985 4233 Ottouis
1009 4189 1066 4232 seu
1088 4177 1272 4254 posterum⁰
1295 4189 1425 4232 suorum
1447 4168 1535 4231 cotti·

344 4432 412 4489 382.
448 4435 509 4485 ·.Δ.
525 4436 638 4500 propotu
658 4461 690 4469 —
709 4434 723 4466 b
740 4433 771 4484 A.
791 4459 823 4468 -
842 4442 854 4466 ⁶
872 4432 902 4483 A.
921 4437 985 4500 statt
999 4438 1164 4496 posterorum.

448 4573 458 4605 ¹
478 4575 530 4627 Die
548 4575 641 4626 Piarre
654 4573 734 4624 Wald
752 4574 800 4624 hat
817 4573 869 4624 den
888 4572 974 4624 Titel:
991 4573 1143 4637 Assumptio
1162 4572 1240 4622 beate
1258 4571 1344 4622 Maria
1361 4569 1482 4635 virginis.
1502 4596 1535 4605 —

344 4661 453 4714 'Wald
471 4662 575 4714 sttdlich
592 4678 646 4713 von
665 4662 756 4727 Pyhra
773 4661 897 4728 gelegen,
915 4660 947 4710 V.
960 4659 992 4710 Ο.
1005 4659 1047 4708 W.
1061 4658 1102 4708 W.
