3400 5350
1211 425 1355 491 '349

160 626 260 689 sterio
282 645 341 687 seu
364 624 536 687 conventui
559 631 724 686 otmense
747 642 859 686 eorum
886 619 927 684 de
950 619 1081 685 consilio
1104 630 1137 686 et
1158 629 1354 685 consenssu·

160 730 263 794 nostri
293 725 425 814 capituli
458 726 554 813 pleno
588 728 657 791 iure
688 724 879 791 donavimus
909 726 1164 811 apropriavimus
1193 726 1356 789 univimus

161 844 195 900 et
216 833 491 919 incorporavimns
514 833 590 918 ipsis
610 840 766 917 perpetuo
788 829 1001 896 annectendo.
1031 830 1079 896 Ut
1092 827 1244 894 videlicet
1258 850 1356 916 quen-

161 959 302 1024 cumque
330 935 508 1024 plebanum
537 935 591 1000 vel
622 944 790 1019 rectorem,
822 936 878 1022 qui
907 937 939 1000 in
970 935 1206 1021 presentiarum
1234 932 1356 998 ibidem

161 1043 272 1108 existit
294 1040 413 1107 cedere
435 1041 489 1106 vel
513 1039 674 1106 decedere
690 1042 908 1127 contingerit·
930 1040 992 1125 ipsi
1006 1041 1242 1125 possessionem
1256 1040 1355 1125 ipsius

160 1169 222 1233 per
243 1169 278 1212 se
300 1145 547 1234 apprehendere
566 1155 599 1211 et
613 1144 753 1232 aliquem
767 1144 981 1231 presbiterum
996 1144 1161 1232 ydoneum
1176 1142 1356 1209 secularem

160 1251 214 1316 vel
238 1254 287 1317 sui
309 1253 493 1318 monasterii
508 1249 690 1337 professum
705 1249 769 1315 illic
784 1250 892 1316 locare
907 1248 1046 1334 valeant,
1070 1252 1124 1336 qui
1139 1250 1355 1336 possessiones

162 1379 275 1423 eornm
296 1358 470 1443 premissas
497 1378 554 1421 sen
577 1354 723 1421 redditus
747 1356 1013 1421 cnonmiacentes
1035 1354 1174 1421 fideliter
1197 1352 1356 1419 custodiat

163 1471 195 1527 et
214 1461 381 1548 recolligat
400 1460 571 1546 diligenter
585 1462 714 1547 proviso
729 1469 848 1544 tamen,
873 1459 960 1546 quod
983 1481 1219 1547 quemcumque
1234 1458 1356 1524 ibidem

161 1565 271 1632 locare
286 1566 501 1650 decreverint,
522 1565 611 1630 illum
625 1564 719 1630 nobis
740 1564 794 1631 vel
810 1564 1052 1631 successoribus
1067 1567 1193 1649 nostris,
1209 1565 1356 1651 quotiens

163 1694 237 1737 enm
260 1672 507 1754 immutaverint,
530 1679 717 1757 presentare
739 1669 891 1753 debeant,
914 1672 969 1756 qui
984 1671 1212 1735 institutionem
1228 1668 1355 1733 canoni·

162 1798 236 1841 cam
266 1784 298 1841 et
329 1797 440 1841 curam
471 1777 652 1840 animarum
681 1774 785 1861 plebis
813 1773 958 1840 subiecte
985 1796 1025 1839 ac
1047 1773 1355 1839 administrationem

162 1879 374 1968 spiritualium
404 1890 437 1945 et
458 1880 683 1967 temporalium
705 1879 748 1944 ad
772 1879 911 1945 eandem
933 1878 1105 1944 ecclesiam
1127 1879 1355 1965 pertinentium

163 1985 205 2051 de
227 1984 376 2050 manibus
403 1987 519 2050 nostris
546 2006 604 2050 seu
627 1984 804 2050 eorundem
827 2005 1051 2050 successorum
1073 1994 1254 2050 nostrorum
1276 1985 1355 2049 reci·

162 2113 240 2177 pere
262 2098 418 2155 teneatur.
464 2088 525 2155 (lui
555 2088 778 2155 nichilominus
807 2098 933 2155 tantum
960 2090 1001 2155 de
1024 2088 1233 2176 proventibus
1254 2090 1355 2175 ipsius

163 2195 300 2261 ecclesie
323 2193 491 2260 debebunt
512 2195 691 2281 assignare,
714 2194 801 2283 quod
825 2194 946 2260 cultum
970 2193 1115 2260 divinum
1137 2216 1211 2260 cum
1227 2194 1354 2282 cappel-

161 2299 243 2366 lanis
271 2309 304 2364 et
329 2300 480 2364 ministris
508 2301 669 2364 consuetis
692 2298 770 2364 inibi
793 2320 927 2364 servare
949 2299 1077 2364 solitum
1099 2320 1173 2365 cum
1194 2298 1354 2386 hospitali·

158 2413 224 2469 tate
255 2403 366 2469 debita
396 2412 429 2468 et
458 2403 606 2469 omnibus
637 2425 676 2468 ac
704 2404 837 2489 singulis
861 2403 1014 2469 oneribus
1036 2403 1217 2491 papalibus,
1240 2411 1354 2469 metro·

158 2509 306 2596 politicis,
341 2508 521 2574 diocesanis
555 2532 613 2575 seu
648 2509 885 2597 episcopalibus
919 2532 959 2574 ac
992 2509 1249 2597 quibuscumque
1284 2509 1354 2575 aliis

106 2652 113 2661 ·
159 2600 281 2681 ibidem
310 2614 467 2681 haetenus
499 2613 667 2681 observari
697 2616 858 2681 consuetis
886 2615 1041 2681 comode·
1064 2622 1096 2680 et
1118 2613 1242 2702 absque
1265 2613 1354 2680 dimi·

159 2722 290 2786 nutione
321 2719 466 2807 qualibet
495 2719 650 2785 suffitiat‘
680 2730 880 2807 supportare.
925 2721 988 2785 Pro
1016 2720 1133 2808 quibus
1156 2718 1354 2806 integraliter

159 2824 331 2911 implendis
361 2847 426 2890 non
456 2824 559 2890 solum
590 2847 762 2912 personam
792 2826 972 2912 predictam
1002 2825 1065 2891 illic
1095 2847 1154 2912 per
1183 2847 1238 2890 eos
1262 2823 1353 2889 collo·

159 2929 309 3015 eandam,
332 2930 390 2995 sed
413 2939 446 2995 et
466 2938 567 2995 totum
589 2932 818 2997 monasterium
834 2930 1059 2997 Chotwicense
1081 2930 1263 3018 predictum
1282 2951 1354 2995 esse

158 3034 309 3100 volumus
332 3034 519 3121 obligatum,
542 3035 707 3101 residuum
730 3058 809 3100 vero
831 3037 955 3122 possint
976 3035 1061 3102 licite
1084 3035 1196 3101 usibus
1219 3037 1269 3100 sui
1291 3058 1354 3102 mo·

161 3142 293 3204 nasterii
315 3138 489 3226 applicare.
535 3140 579 3204 Et
607 3150 643 3205 ut
672 3138 820 3226 predicta
850 3142 958 3206 omnia
985 3149 1018 3206 et
1044 3138 1170 3227 singula
1199 3139 1293 3205 firma
1322 3150 1355 3206 et

161 3254 233 3309 rata
254 3266 294 3309 ao
317 3244 471 3311 inviolata
492 3252 648 3330 perpetuo
670 3255 891 3331 perseverent,
921 3254 1090 3332 presentes
1112 3243 1234 3310 litteras
1257 3267 1356 3331 super

161 3351 206 3414 eis
237 3349 353 3414 confici
382 3348 609 3414 mandavimus
639 3351 740 3414 nostri
770 3358 802 3414 et
832 3350 963 3437 capituli
990 3352 1089 3415 nostri
1112 3349 1249 3436 predicti
1272 3350 1355 3436 sigil-

159 3452 264 3518 lorum
287 3454 460 3518 munimine
483 3452 660 3518 roboratas.
706 3454 826 3519 Actum
850 3464 883 3519 et
905 3453 1016 3520 datum
1036 3455 1171 3520 Patavie
1193 3478 1277 3521 anno
1301 3455 1354 3520 do·

160 3560 238 3623 mini
260 3556 429 3622 millesimo
452 3557 535 3623 000
558 3559 719 3623 tricesimo
743 3558 896 3642 secundo,
921 3558 1096 3624 Scolastice
1117 3561 1261 3645 virginis.

263 3717 283 3766 Ι.
304 3716 328 3768 S.
343 3717 367 3769 d.
381 3717 411 3766 B.
424 3716 518 3768 Albert
536 3734 560 3767 v.
575 3719 676 3769 Passau
693 3717 836 3785 spitzoval,
854 3718 1005 3785 ungafarbt,
1025 3718 1078 3785 vgl.
1092 3735 1131 3769 nr.
1144 3720 1204 3769 366.

203 3923 280 3992 373.
1063 3933 1146 3990 iasa
1161 3933 1243 3990 sian
1261 3933 1310 3990 ia.

159 4097 229 4163 Der
251 4097 390 4180 Psorrer
412 4100 550 4164 Konrod
571 4120 632 4165 000
655 4099 793 4165 Griiaw
819 4100 888 4165 aad
910 4102 976 4167 Abt
998 4102 1129 4168 Ottolcar
1149 4123 1210 4166 voa
1231 4100 1353 4165 mltos

330 4203 396 4286 feld
416 4204 513 4286 pelion
535 4206 748 4270 mitcioander
769 4206 861 4270 cinea
882 4205 1105 4272 Recitatauscb
1126 4209 1187 4272 eia.

263 4361 336 4429 erig.
354 4362 399 4428 (Δ)
418 4364 455 4412 im
473 4361 552 4413 Arcb.
570 4362 595 4412 d.
610 4363 702 4414 Stiftes
720 4363 867 4415 Lilienleld
886 4361 984 4431 (Signa
1004 4365 1055 4416 litt
1068 4365 1101 4417 V.
1114 4364 1229 4418 fascic.1
1247 4383 1285 4416 nr.
1300 4362 1353 4433 28),

161 4449 239 4516 Perg.
264 4449 355 4516 Siagel
373 4465 427 4500 von
446 4452 534 4501 einem
551 4449 759 4516 Perg.·Strei1'en
777 4451 938 4518 abgefallen.

265 4604 427 4686 Quoniam
458 4628 508 4690 ea,
538 4627 602 4693 que
633 4607 666 4671 in
697 4617 842 4694 tempore
870 4617 1036 4694 geruntur,
1067 4630 1201 4674 0000000
1224 4617 1281 4692 est,
1313 4632 1354 4675 ne

162 4731 235 4774 cum
257 4718 402 4796 tempore
424 4720 570 4797 pereant,
593 4714 807 4798 scriptotenus
831 4714 1025 4797 confirmari,
1048 4715 1145 4800 igitur
1160 4723 1268 4799 pateat
1287 4716 1353 4780 uni·

880 4847 892 4879 O
