3400 5350
1288 382 1330 446 69

137 592 198 657 que
229 582 302 657 post
332 571 539 637 donationem
569 571 707 637 duarum
734 574 874 658 partium
901 595 921 636 a
952 572 1069 637 domno
1092 572 1267 639 Altmanno
1296 577 1330 638 in

135 677 240 762 prima
273 675 463 742 fundatione
498 675 749 742 Obotewioensis
782 679 967 741 monasterii
1001 676 1121 742 factam
1154 677 1330 763 indigentie

134 779 304 866 plebesani
327 779 504 846 sacerdotis
527 780 683 867 deputata
705 780 775 865 fuit,
802 780 846 845 ad
868 803 946 845 usus
970 792 1002 846 et
1023 780 1232 847 refectionem
1254 805 1330 869 pau-

134 907 249 970 perum
279 886 312 950 in
342 884 492 972 hospitali
514 887 686 972 prescripti
708 887 895 950 monasterii
918 888 1179 950 concurrentium
1201 909 1260 973 pro
1282 909 1330 953 re-

133 988 242 1054 medio
265 991 371 1066 anime
393 999 501 1067 nostre
523 1011 585 1054 nec
607 1012 671 1055 non
695 999 866 1076 parentum
882 999 1064 1055 nostrorum
1079 1012 1153 1055 cum
1170 1013 1330 1056 consensu

134 1093 225 1158 chori
254 1095 355 1158 nostri
386 1103 418 1157 et
446 1093 701 1159 ministerialium
732 1096 916 1158 coniventia
939 1093 1129 1159 tradidimus
1151 1094 1213 1159 hac
1236 1097 1330 1159 inter·

132 1200 237 1284 posita
260 1197 461 1282 condicione,
484 1207 521 1262 ut
542 1208 712 1284 postquam
736 1197 823 1263 diem
847 1198 1057 1263 clauserimus
1082 1210 1273 1282 extremum,
1296 1200 1330 1264 in

132 1303 356 1368 anniversario
383 1311 491 1367 nostro
521 1301 701 1367 recordatio
728 1305 828 1367 nostri
857 1302 1152 1388 quantulacumque
1175 1302 1254 1368 inibi
1275 1302 1329 1368 ba·

131 1405 258 1470 beatur.
291 1405 377 1471 Sane
401 1408 477 1493 quia
498 1409 607 1493 petitio
631 1417 664 1471 et
685 1410 735 1471 ius
750 1409 1040 1492 representacionis
1056 1409 1089 1470 in
1105 1409 1329 1492 prenominata

132 1509 274 1575 ecclesia
296 1509 339 1574 ad
370 1510 524 1575 abbatem
554 1520 587 1575 et
617 1520 811 1576 conventum
841 1510 943 1575 libere
971 1520 1004 1575 et
1026 1514 1095 1576 sine
1117 1510 1328 1597 ambiguitate

131 1613 314 1700 spectabat,
344 1613 429 1678 banc
455 1617 697 1701 prerogativam
719 1613 883 1680 Rddmaro
907 1615 1028 1700 abbati,
1056 1617 1126 1679 viro
1150 1618 1260 1702 utique
1284 1615 1329 1680 di·

129 1729 238 1784 screto
263 1729 296 1783 et
318 1717 500 1804 relligiosob
523 1729 555 1784 et
577 1719 670 1784 nobis
692 1719 865 1805 plurimum
888 1730 1024 1805 accepto
1048 1721 1180 1807 eiusque
1204 1742 1329 1785 sueces-

131 1823 261 1888 soribus
291 1845 350 1909 per
381 1826 495 1887 ostium
526 1824 719 1889 intrantibus
750 1823 951 1907 indulsimus,
982 1823 1069 1909 quod
1096 1823 1140 1889 ad
1162 1823 1330 1889 arbitrium

130 1937 162 1991 et
192 1927 395 1992 voluntatem
424 1931 568 2013 ipsorum
599 1926 751 1993 sacerdos
783 1927 941 1992 discretus
964 1939 996 1993 et
1018 1928 1151 2005 honeste
1175 1931 1329 2014 opinionis

130 2032 271 2096 clericus
306 2030 475 2095 dumtaxat
506 2033 539 2095 in
572 2054 611 2096 ea
645 2032 821 2115 ordinetur,
859 2035 914 2118 qui
952 2040 1120 2097 contentus
1158 2031 1327 2118 stipendio,

129 2136 219 2222 quod
248 2137 279 2199 ei
307 2135 421 2220 abbas,
449 2139 505 2221 qui
531 2146 608 2201 tunc
630 2158 689 2222 pro
712 2146 856 2221 tempore
881 2138 1047 2220 exstiterit,
1071 2135 1221 2201 ordinare
1244 2159 1327 2201 com·

128 2250 282 2325 patenter
304 2240 450 2324 voluerit,
474 2240 584 2304 diviua
606 2240 727 2305 ibidem
752 2239 895 2305 celebret
917 2240 1036 2327 populo
1059 2250 1091 2304 et
1110 2240 1331 2318 ecclesiastiea

129 2344 358 2409 satorementab
389 2345 555 2410 ministret.
602 2342 754 2409 Ceterum
777 2343 849 2427 alia,
881 2365 944 2430 que
967 2344 1009 2408 de
1032 2343 1165 2408 decimis
1189 2354 1221 2408 et
1244 2344 1330 2409 obla·

127 2447 273 2512 tionibus
303 2446 438 2533 aliisque
469 2447 657 2513 utilitatibus
688 2450 860 2533 provenire
896 2458 928 2513 et
966 2470 1136 2534 superesse
1169 2457 1330 2535 poterunt,

127 2575 187 2637 per
216 2575 352 2617 manum
382 2551 510 2617 abbatis
540 2553 582 2616 ad
614 2552 873 2639 supplementum
897 2555 1060 2638 pretaxati
1090 2551 1253 2639 hospitalis
1276 2575 1330 2616 an·

128 2660 255 2723 nuatim
286 2655 346 2721 sub
378 2655 487 2742 aliqua
517 2665 606 2721 certa
635 2659 790 2742 pensione
820 2658 1048 2723 ministrentur.
1095 2656 1220 2723 Verum
1253 2659 1329 2743 quia

126 2764 330 2827 mentionem
361 2759 402 2824 de
432 2762 502 2825 iure
531 2763 698 2846 peticionis
728 2764 761 2826 in
784 2760 904 2826 Pircha
926 2761 1070 2844 fecimus,
1102 2784 1143 2826 ne
1166 2762 1251 2826 banc
1275 2784 1330 2826 no·

127 2877 229 2931 stram
254 2864 464 2930 ordinationis
487 2867 743 2929 constitutionem
767 2866 799 2928 in
822 2864 992 2929 reciduum
1014 2864 1201 2950 scrupulum
1221 2888 1329 2951 quem-

125 2973 216 3055 piam
248 2969 409 3034 reducere
440 2971 614 3054 eontingat,
646 2971 842 3055 precipimus
873 2971 1073 3052 auctoritate,
1102 2992 1166 3055 qua
1188 2969 1263 3034 licet
1284 2972 1329 3034 in·

128 3073 220 3159 digni
245 3084 278 3138 et
300 3076 443 3159 impares
465 3073 589 3138 viribus
610 3075 839 3158 preminemuS,
864 3084 896 3138 et
911 3076 1090 3150 statuimus,
1114 3096 1154 3138 ne
1170 3075 1329 3160 quispiam

127 3179 170 3242 de
203 3189 315 3243 cetero
345 3199 405 3264 pro
434 3176 542 3263 aliqua
564 3200 702 3264 persona
725 3188 804 3264 aput
826 3200 1031 3242 successores
1053 3186 1177 3243 nostros
1200 3179 1329 3263 peticio-

125 3308 215 3368 nem,
240 3286 326 3349 sicut
348 3283 419 3347 fieri
440 3282 568 3367 assolet,
592 3284 757 3368 porrigere
780 3292 946 3368 presumat
967 3282 1022 3347 vel
1038 3286 1135 3347 etiam
1150 3291 1328 3366 attemptet.

124 3388 293 3454 ludecens
325 3389 410 3451 enim
440 3385 536 3451 valde
567 3396 662 3470 esset,
693 3396 728 3450 ut
759 3386 845 3472 quod
874 3385 979 3452 studio
1001 3388 1128 3473 pietatis
1151 3385 1329 3452 admissum

123 3493 229 3558 fuisse
253 3492 443 3573 dinoscitur,
467 3492 493 3554 si
516 3493 549 3555 in
572 3490 800 3555 detrimentum
823 3493 1008 3555 monasterii
1029 3499 1141 3576 postea
1157 3489 1329 3576 quomodo·

123 3597 208 3662 libet
236 3604 429 3661 verteretur.
474 3595 590 3680 Itaque
612 3595 767 3659 institutio
790 3597 855 3658 iam
879 3593 964 3670 dicte
987 3594 1124 3671 ecclesie
1147 3593 1329 3658 secundum

122 3714 274 3767 nostram
289 3702 549 3765 constitutionem
564 3699 764 3764 omnifariam
780 3697 823 3762 ad
836 3697 1087 3763 Chotewicensis
1103 3697 1230 3763 abbatis
1246 3697 1329 3763 ordi-

123 3809 292 3871 nationem
316 3803 507 3869 inconvulse
530 3813 563 3868 et
584 3806 692 3889 quiete
715 3812 906 3889 permaneat
929 3813 961 3867 et
983 3802 1183 3867 observetur.
1207 3802 1242 3867 Si
1258 3803 1329 3888 quis

123 3921 240 3975 autem
270 3910 511 3995 attemptaverit
541 3908 625 3973 hanc
648 3918 791 3973 nostram
813 3906 1018 3972 traditionem
1042 3917 1075 3971 et
1096 3909 1207 3993 scripti
1230 3908 1329 3972 nostri

124 4024 332 4080 caracterem
363 4012 531 4077 adnullare
563 4021 594 4077 et
624 4014 656 4077 in
688 4015 814 4077 irritum
843 4011 1012 4095 reducere,
1044 4033 1118 4076 cum
1140 4012 1273 4076 Datban
1297 4020 1330 4075 et

123 4119 257 4183 Abiron
286 4120 370 4183 iram
400 4126 433 4181 et
464 4115 564 4181 divini
587 4114 901 4180 animadversionem
923 4113 1032 4179 iudicii
1056 4137 1090 4179 se
1113 4117 1328 4201 promeruisse

123 4224 249 4288 sentiat
281 4232 380 4307 atque
414 4242 488 4285 cum
521 4222 626 4306 impiis
661 4229 693 4284 et
727 4219 871 4284 scelertis
904 4229 1071 4305 reputatus
1105 4220 1328 4283 communione

122 4328 274 4413 corporis
297 4335 330 4389 et
352 4326 517 4411 sanguinis
533 4323 652 4390 Christi
674 4326 707 4388 in
723 4325 904 4388 novissimis
920 4334 1039 4388 careat.
1072 4323 1204 4388 Cunctis
1220 4330 1328 4386 autem

121 4431 191 4497 hec
224 4428 430 4495 servantibus
460 4436 493 4493 et
522 4428 583 4493 hoc
609 4432 725 4515 ipsum,
757 4427 842 4514 quod
865 4429 898 4493 in
922 4430 1109 4492 memoriam
1131 4428 1230 4491 nostri
1252 4425 1328 4490 feci·

122 4654 176 4711 52.
238 4658 298 4708 1Ἀ.
