3400 5350
233 583 338 649 Untei
361 582 425 648 den
448 583 596 669 Zeugen:
620 583 758 668 ,Wetnlo
781 583 884 649 abbas
907 583 1172 654 Ohoetwieeneie.‘

233 750 307 801 Mon.
322 751 399 802 boiea
416 749 582 815 xxvmln,
600 751 652 800 298
670 765 710 800 nr.
723 752 757 801 to
776 765 824 801 aue
843 750 907 803 Cod.
921 752 961 802 111
978 754 1072 805 Patav.
1086 770 1120 805 zu
1139 756 1215 806 1222.

232 874 286 924 Die
313 872 481 924 Bedanioche
506 872 640 923 lndietion
662 873 687 923 X
721 873 880 941 ermoglteht
906 873 950 926 die
976 874 1076 928 uthere
1103 877 1323 944 chronologieehe

139 958 320 1027 Foetetollung.

175 1218 227 1286 tl.
836 1226 919 1284 1228
936 1225 1101 1284 November
1116 1230 1146 1295 3,
1163 1231 1279 1289 Krene.

167 1409 302 1492 Pforrer
324 1410 472 1492 Sisridoo
492 1412 529 1475 io
551 1409 677 1475 Zoetilo
701 1409 827 1476 sohenkt
849 1410 920 1476 dem
947 1411 1046 1496 strae
1067 1414 1116 1480 St.
1133 1415 1287 1482 Nicotaus

244 1514 297 1580 bei
319 1511 445 1580 Possem
467 1516 518 1580 ein
539 1514 635 1580 Horo
656 1514 725 1580 aad
746 1516 815 1580 eine
835 1514 999 1599 Hofstdtte
1019 1539 1061 1583 au
1080 1517 1207 1585 Krene.

229 1706 338 1771 Unter
351 1703 414 1770 den
430 1706 578 1790 Zeugen:
602 1704 761 1788 ,dominus
773 1705 961 1772 Wezelinus
976 1708 1080 1775 abbae
1095 1711 1127 1774 in
1143 1710 1321 1796 Kotewioo,

134 1807 303 1874 Heinriouo
325 1811 412 1896 prior
433 1808 576 1874 ibidem‘

228 2001 316 2069 Copie
333 2003 370 2053 im
388 2001 478 2052 Codex
499 2001 588 2053 tradit.
601 2001 648 2053 deo
671 2000 763 2053 Stiitoo
787 2002 824 2053 St.
839 2002 967 2054 Nioolano
990 2005 1034 2056 bei
1056 2006 1157 2058 Preeau
1180 2008 1229 2059 eut
1244 2010 1322 2075 Perg.

132 2088 163 2136 im
182 2088 354 2140 Roiehearoh.
369 2089 397 2139 in
415 2088 551 2140 Mfinehen
569 2088 624 2156 (B).

227 2210 324 2262 0.-00.
338 2211 492 2263 Urk.·Buch
510 2211 533 2274 1,
550 2213 599 2261 611
618 2228 658 2263 nr.
673 2212 732 2263 284.

169 2469 225 2538 92.
1111 2475 1150 2556 [e.
1169 2477 1278 2558 laza]

131 2657 266 2745 Bisohos
292 2660 443 2728 Gebhard
474 2682 536 2727 ooo
564 2659 694 2727 Pansae
725 2659 856 2728 vertam
889 2661 942 2728 die
969 2662 1089 2745 Pfarre
1122 2664 1220 2732 Groos
1252 2666 1323 2732 dem

131 2763 264 2845 Pforrer
294 2787 357 2835 ooo
385 2766 576 2848 Sitzeodorf
598 2770 693 2830 anter
715 2765 881 2849 Wahruay
910 2768 966 2832 der
988 2767 1105 2834 Recito
1134 2771 1188 2835 deo
1208 2769 1324 2853 Stiftea

480 2872 634 2954 Gottweio
656 2871 722 2952 auf
738 2872 821 2937 dieoe
843 2871 973 2954 Pforre.

227 3063 315 3130 (iopie
332 3065 361 3114 in
380 3062 480 3114 Codc
497 3063 516 3113 f.
529 3059 574 3113 tss'
586 3063 603 3113 i.
623 3062 676 3130 (Β).

227 3187 273 3237 Da
292 3186 421 3251 Magister
438 3184 587 3236 Wernhard
605 3201 657 3236 ron
672 3185 825 3237 Sitnendorf
840 3187 869 3235 in
887 3186 963 3236 einer
975 3186 1106 3240 Urkunde
1124 3188 1170 3239 dee
1183 3188 1322 3241 Birthofee

131 3270 251 3323 Gebhard
271 3289 325 3324 von
343 3274 444 3324 Paeoau
469 3289 522 3324 ron
547 3274 615 3324 1223
637 3274 712 3324 Mttrn
734 3276 760 3334 4,
783 3274 879 3324 Kreme
902 3279 982 3325 anter
1003 3274 1064 3326 dem
1086 3274 1256 3327 caramerus
1281 3276 1322 3327 alo

131 3356 214 3426 Zeuge
231 3360 380 3427 angefdhrt
398 3360 464 3411 wird
482 3361 596 3427 (Burger
618 3362 647 3410 in
665 3360 763 3411 Fontes
781 3362 806 3421 2,
824 3360 898 3421 XXI,
917 3362 932 3409 6
954 3377 993 3411 nr.
1005 3360 1041 3426 6),
1059 3377 1089 3412 ro
1111 3361 1178 3428 liegt
1194 3361 1239 3414 die
1257 3363 1321 3416 Ver·

129 3447 257 3514 mnthnng
276 3446 357 3510 nahe,
376 3446 436 3498 daeo
453 3448 523 3499 auch
542 3463 587 3498 um
606 3446 679 3498 dieue
693 3447 754 3497 Zeit
771 3446 815 3498 die
834 3446 1002 3514 Verleihung
1020 3447 1117 3515 erfolgt
1133 3450 1181 3500 rei.

229 3619 450 3687 Gebehardus
486 3620 539 3685 dei
568 3622 673 3706 gratia
704 3620 905 3686 Pataviensie
936 3622 1105 3706 episeopus
1137 3619 1254 3686 dilecto
1288 3625 1321 3688 in

130 3720 252 3790 Chmto
276 3724 370 3791 fratri
393 3723 570 3790 venerabili
592 3723 704 3790 abbati
727 3724 768 3789 de
784 3724 943 3791 Gottwioo
967 3735 998 3790 et
1021 3725 1166 3790 eiusdem
1185 3727 1322 3792 ecclesie

130 3831 300 3895 conventui
331 3828 467 3894 salutem
498 3851 572 3894 eum
603 3828 748 3893 fraterna
770 3827 951 3893 dilectione.
999 3828 1085 3909 Quia
1107 3829 1259 3896 sacerdos
1281 3831 1320 3896 E.

131 3928 167 3995 de
189 3931 293 3999 Gross
322 3934 481 3998 haetenus
510 3931 720 3998 residentiam
749 3931 872 3997 ibidem
902 3931 1023 3997 habere
1053 3955 1118 3998 non
1147 3937 1250 4020 potuit
1272 3957 1320 4017 eo,

130 4036 210 4120 quod
241 4038 331 4123 layci
359 4036 466 4102 dotem
497 4040 598 4124 ipsius
621 4035 753 4102 eeoleeie
776 4035 952 4117 detineant,
983 4035 1097 4103 damus
1119 4037 1213 4102 vobis
1235 4047 1321 4123 pote·

130 4148 241 4208 etatem
265 4142 398 4207 fidelem
421 4142 573 4207 clericum
596 4151 741 4207 vestrum
763 4143 952 4225 magistrum
967 4139 1240 4227 W(ernhardum)
1256 4140 1320 4227 ple·

129 4241 246 4311 honum
269 4249 303 4311 in
323 4245 524 4332 Syozeedarf
541 4248 575 4311 in
597 4247 668 4331 ipsa
690 4245 828 4311 eeclesia
850 4245 1047 4311 instituendi.
1078 4245 1124 4310 Ut
1146 4254 1253 4310 autem
1277 4268 1320 4310 ex

130 4344 187 4413 hae
208 4351 409 4415 institutione
431 4349 554 4415 nullum
576 4359 685 4415 vestro
701 4350 894 4414 monasterio
909 4348 1123 4435 preiudioium
1137 4358 1320 4433 generetur,

130 4451 169 4515 od
187 4457 378 4540 petitionem
392 4456 492 4541 ipsius
507 4453 599 4518 robis
615 4452 821 4540 providemus
836 4462 1030 4519 renovantes
1046 4461 1078 4518 et
1093 4452 1321 4517 confirmantes

130 4557 218 4624 vobio
244 4561 296 4626 ius
322 4562 356 4625 in
380 4558 495 4625 eadem
518 4559 665 4625 eeclesia.
710 4559 932 4624 Protestamur
953 4566 1071 4642 autem,
1095 4556 1181 4644 quod
1204 4556 1321 4623 eadem

133 4665 267 4731 eooleeie
298 4687 372 4731 enm
401 4667 468 4730 onie
498 4666 715 4751 pertinenciis,
746 4662 820 4729 dote
851 4663 974 4729 seilicet
995 4671 1028 4728 et
1049 4661 1118 4727 aliis
1139 4659 1321 4727 redditibus
