3400 5350
371 392 414 458 46

372 593 527 651 Williberti
549 599 579 649 et
593 593 736 649 Waltonis
751 595 781 648 in
802 594 900 651 villam
920 594 1032 666 Tuirin,
1052 612 1151 653 versus
1171 595 1307 651 orientem
1327 594 1511 651 Persnicbam
1526 594 1562 650 ab

372 704 436 754 ortu
451 716 503 754 suo
518 714 608 768 usque
623 699 661 753 ad
675 698 774 754 villam
793 698 906 770 Tvirin,
928 717 1026 756 versus
1045 700 1198 756 australem
1217 705 1327 772 partem
1347 700 1486 771 semitam,
1506 716 1562 771 que

371 808 491 861 vocatur
519 802 684 873 Pechstich,
712 803 787 859 inter
812 802 938 859 confinia
963 803 1131 859 allodiorum
1162 803 1341 874 marchionis,
1370 804 1505 860 Haderici
1534 810 1562 859 ct

372 897 505 963 Rddolfib
520 908 606 962 etita
623 925 720 964 versus
736 904 924 963 carinthiam.
956 908 1097 979 Quicquid
1114 908 1190 963 iufra
1209 908 1261 964 hos
1276 909 1411 964 terminos
1430 914 1475 964 est
1493 908 1561 963 culti

372 1017 401 1067 et
416 1011 527 1084 inculti,
543 1012 580 1066 ad
596 1011 774 1084 parrochiam
796 1012 921 1083 Pyricha
935 1003 1126 1090 pertinebat.
1158 1003 1211 1070 Ob
1242 1007 1333 1068 cuius
1362 1003 1562 1069 latitudinem

372 1107 563 1173 necessitate
587 1106 702 1172 ductus
730 1129 789 1193 ego
817 1107 1033 1193 Reginmarus
1063 1106 1115 1173 dei
1142 1109 1246 1193 gratia
1268 1108 1470 1173 Pataviensis
1500 1109 1562 1193 epi·

371 1233 487 1297 scopus
503 1211 675 1288 ecclesiam
698 1213 729 1276 in
752 1211 833 1294 loco,
857 1214 912 1297 qui
936 1210 1053 1277 dicitur
1068 1211 1274 1298 Michilpach,
1291 1223 1477 1278 construere
1499 1211 1563 1277 feci

371 1326 404 1381 et
425 1340 445 1381 a
468 1317 611 1401 meipso
635 1315 818 1381 dedicatam
841 1338 916 1381 cum
938 1318 1072 1380 termino
1096 1315 1202 1381 eidem
1223 1326 1301 1382 tunc
1323 1316 1459 1393 ecclesie
1485 1315 1563 1381 inibi

371 1422 519 1507 prefinito
542 1420 693 1486 fratribus
716 1422 749 1485 in
772 1420 841 1486 loco
865 1420 1060 1486 Kotwieusi⁰
1089 1420 1150 1485 deo
1178 1431 1210 1486 et
1237 1430 1347 1498 sancte
1369 1421 1472 1498 Mar-ie
1499 1443 1562 1486 ser·

370 1523 530 1590 viantibus
553 1546 610 1610 pro
634 1523 743 1589 divina
765 1526 1021 1589 remuneratione
1038 1524 1227 1589 contradidi.
1257 1525 1429 1590 Terminus
1451 1534 1561 1590 autem

372 1631 455 1693 eius:
478 1627 675 1714 Michilpach
697 1628 824 1712 fluvius,
848 1628 924 1692 hinc
947 1628 1094 1693 aseendit
1120 1652 1178 1715 per
1209 1629 1297 1695 Sceit
1327 1638 1361 1694 et
1386 1632 1501 1694 transit
1530 1631 1562 1693 in

371 1732 713 1818 Cherspeimespach,d
737 1755 833 1819 quem
856 1734 971 1797 iterum
987 1732 1155 1798 descendit
1173 1734 1207 1797 in
1222 1733 1402 1799 Goelssana
1416 1732 1562 1817 fluvium,

372 1847 404 1902 et
426 1836 501 1901 hine
523 1836 670 1902 ascendit
691 1839 725 1901 in
746 1836 908 1920 Halbach‚
932 1859 1028 1923 quem
1050 1840 1126 1902 item
1142 1836 1288 1902 ascendit
1310 1836 1354 1901 ad
1373 1846 1472 1923 caput
1486 1837 1563 1902 Hal·

372 1940 457 2005 bach
481 1963 594 2006 versus
618 1940 816 2006 Cerinthiam
847 1950 880 2005 et
910 1940 951 2005 de
983 1950 1054 2006 ortu
1076 1940 1226 2006 Halbaeh
1256 1964 1315 2027 per
1341 1950 1563 2006 transversum

370 2048 404 2110 in
426 2045 599 2111 australem
622 2055 756 2131 partem,
780 2044 935 2131 quicquid
966 2046 1041 2110 culti
1072 2055 1104 2110 et
1130 2045 1241 2110 inculti
1268 2047 1351 2111 iacet
1379 2048 1464 2110 inter
1490 2067 1563 2110 con·

370 2151 448 2215 finia
469 2148 659 2215 allodiorum
681 2148 808 2214 Rddolfi
832 2159 865 2214 ct
887 2149 1041 2214 Haderici
1063 2149 1218 2215 nobilium
1240 2172 1280 2214 ac
1295 2149 1489 2215 marchionis
1505 2172 1563 2235 per

371 2257 527 2339 semitam,
551 2276 615 2341 que
637 2263 770 2320 vocatur
785 2253 969 2337 Pechstich,
984 2257 1090 2340 vergit
1110 2256 1143 2318 in
1159 2256 1323 2320 orientem.
1346 2254 1393 2320 Ut
1407 2254 1562 2340 deinceps

370 2383 448 2426 vero
469 2360 531 2437 hec
553 2381 627 2425 mea
649 2368 681 2424 et
703 2360 805 2424 omnis
827 2368 1066 2423 antecessorum
1089 2381 1233 2424 meorum
1256 2358 1382 2424 traditio
1404 2368 1476 2423 rata
1490 2380 1562 2444 per·

370 2474 500 2530 maneat
525 2473 558 2529 et
579 2462 777 2547 inconvulsa,
800 2462 894 2547 sigilli
916 2465 979 2528 mei
1001 2461 1064 2528 hac
1093 2461 1317 2549 obsignatione
1343 2486 1402 2549 per
1431 2485 1484 2528 me
1514 2472 1564 2527 est

370 2568 520 2634 stabilita.
556 2576 679 2650 Insuper
702 2577 739 2632 ad
759 2576 841 2631 Mure
864 2582 908 2631 est
933 2575 1055 2645 ecclesia
1074 2581 1173 2646 sancto
1193 2576 1283 2646 Maria
1303 2595 1367 2632 cum
1386 2576 1464 2632 omni
1483 2567 1562 2631 sna*

370 2683 477 2739 ibidem
500 2688 530 2739 et
551 2683 587 2738 ad
603 2681 741 2754 Vrsprinc
761 2683 828 2737 dote
850 2687 880 2738 et
901 2681 1051 2738 decimatio
1075 2699 1109 2738 ex
1131 2683 1230 2754 predio
1253 2682 1326 2738 inihi
1345 2682 1400 2737 sito
1422 2682 1562 2738 nobilium

370 2787 536 2860 niuosae,
560 2786 690 2857 Dietrioi,
711 2758 837 2841 deame
860 2791 890 2841 et
912 2784 1081 2841 Hartmanni
1101 2784 1220 2841 nitrum
1240 2777 1364 2864 absque
1395 2778 1562 2843 divisione.

370 2892 400 2948 Si
423 2892 488 2963 quis
510 2892 599 2966 igitur
622 2909 655 2947 ox
682 2891 735 2962 his,
762 2907 820 2963 quc
842 2908 896 2963 ego
919 2881 1133 2967 Reginmarus
1156 2890 1201 2945 dei
1227 2890 1321 2962 gratia
1344 2891 1494 2963 episcopus
1518 2890 1564 2948 vel

370 2998 590 3053 antecessores
612 2989 676 3052 mei
698 2999 797 3065 sancte
812 2995 903 3064 llarie
918 3000 947 3050 et
961 2993 1098 3049 fratribus
1113 2995 1166 3049 deo
1182 2994 1212 3048 in
1223 2993 1397 3051 Kotwiensi⁶
1414 2996 1476 3050 loco
1492 2994 1564 3049 mili·

370 3102 500 3158 tentibus
515 3100 687 3157 contulimus
708 3105 738 3155 et
752 3091 960 3174 firmavimutJ,
983 3097 1094 3170 aliquid
1109 3097 1269 3169 abstulerit,
1286 3097 1445 3154 inminuere
1460 3099 1507 3153 vel
1521 3099 1563 3153 in·

370 3206 495 3278 iringcrc
510 3204 702 3277 temptaverit,
727 3203 842 3260 vinculo
858 3204 896 3258 sit
915 3202 1105 3259 anathematis
1124 3201 1268 3275 obligatus
1288 3219 1322 3258 ae
1341 3201 1397 3256 nisi
1420 3202 1477 3257 cito
1497 3202 1563 3258 resi·

370 3309 475 3381 puerit,
491 3308 582 3364 divini
597 3307 807 3363 examinatione
822 3307 921 3362 iudicii
937 3307 975 3362 sit
989 3311 1127 3379 perpetuo
1143 3307 1305 3362 damnatus.

475 3421 566 3489 Siegel
583 3422 696 3473 Bischot'
710 3422 877 3488 Reginmar’s
895 3422 949 3488 vgl.
962 3438 1000 3472 ur.
1014 3423 1055 3472 27.

415 3630 473 3698 28.
955 3635 1037 3692 1125
1053 3629 1142 3711 [uach
1157 3635 1287 3694 l‘ehrrrar
1301 3636 1330 3700 5,
1347 3631 1520 3713 Gottwelg}

371 3786 465 3853 Naeh
491 3786 561 3852 deon
582 3786 664 3852 Tude
690 3786 744 3852 des
765 3786 863 3852 Abies
885 3787 1000 3851 Nuaao
1022 3787 1105 3851 aoird
1127 3785 1329 3853 Oiudolhoch
1351 3788 1387 3850 ia
1410 3784 1566 3871 Gdttweip

798 3911 872 3956 ram
893 3890 976 3956 Abte
994 3890 1137 3975 pcwdliit.

473 4031 550 4097 Post
564 4031 651 4097 hunc
666 4031 884 4115 [Nanzonem]
900 4039 1007 4096 custos
1023 4029 1180 4095 ecclesiae
1191 4029 1386 4097 Oadehoch·
1399 4030 1411 4068 ¹
1433 4031 1565 4094 nomine

371 4157 415 4200 cx
436 4134 577 4200 liberiori
599 4157 719 4223 genere
742 4145 835 4201 natus
852 4137 994 4200 omnium
1015 4134 1151 4199 fratrum
1174 4133 1329 4200 electione
1352 4142 1384 4198 et
1399 4133 1566 4218 Regiman’

371 4306 417 4362 27.
476 4312 490 4344 l
509 4312 560 4362 Die
577 4312 781 4377 Intorpunction
799 4317 891 4362 neunt
903 4310 1024 4361 deutlich
1042 4309 1196 4360 marchionis
1213 4309 1352 4359 einerseits
1370 4307 1425 4358 nnd
1438 4307 1568 4359 Hudcrici

370 4406 393 4449 ct
412 4393 514 4465 Rddolfi
531 4398 685 4450 audsrseits.
705 4426 737 4436 -
756 4409 767 4432 ⁰
785 4398 815 4448 A„
835 4426 869 4435 -
887 4399 900 4431 ‘¹
918 4400 930 4447 i
947 4398 1014 4448 liber
1030 4397 1078 4448 der
1096 4396 1171 4447 Zaile
1188 4396 1395 4462 nacbgstrageru

369 4483 418 4538 28.
473 4496 486 4521 ⁸
505 4485 611 4537 ansere
628 4485 851 4537 Schneibweisent
874 4483 1033 4545 Ohodehoch,
1055 4482 1164 4536 Oadcch.

476 4588 485 4619 ¹
503 4590 556 4640 Die
579 4590 676 4641 Annal.
695 4591 817 4642 Gottwic.
831 4595 924 4639 setzen
941 4587 986 4638 die
1009 4587 1089 4638 Wahl
1112 4585 1252 4637 desselben
1274 4586 1324 4635 auf
1344 4584 1392 4636 das
1409 4586 1478 4636 Jahr
1497 4587 1567 4636 1125

370 4693 414 4728 an.
451 4676 526 4728 Nach
545 4678 605 4727 dem
624 4676 804 4743 allgsmsinen
822 4675 945 4726 Branche
963 4675 1011 4725 hat
1033 4676 1072 4726 sis
1090 4674 1161 4726 wohl
1184 4673 1246 4725 bald
1268 4674 1337 4724 nach
1356 4674 1471 4725 Nanso's
1489 4673 1566 4724 'fode
