3400 5350
1292 419 1357 485 383

207 614 289 681 408.
924 619 1007 677 1340
1022 620 1133 677 Idnner
1150 619 1199 685 14,
1218 620 1312 677 wion.

163 806 288 888 Herzog
302 805 451 870 Albrccht
465 803 514 869 II.
538 806 684 888 bestdttpt
706 806 765 870 dus
787 806 857 869 m
871 805 969 888 atim
984 804 1137 888 Go'ttweip
1159 827 1219 870 oon
1240 808 1357 871 seincm

346 910 442 975 Vuter
463 910 636 975 vertissem
657 910 778 994 709ίεί-
800 911 870 976 aad
892 911 1178 993 Gehhsprivihp.

268 1088 351 1153 CopIe
370 1088 398 1137 in
415 1085 513 1141 Codc
531 1086 549 1137 I'.
563 1088 644 1151 284(
668 1084 688 1153 ).

266 1209 313 1258 Als
331 1208 510 1259 Vorurlrunda
528 1208 619 1258 diente
637 1224 676 1258 nr.
692 1211 751 1259 235.

269 1384 336 1449 Nos
358 1383 514 1449 Albertus
537 1383 591 1447 dei
613 1385 724 1467 gracia
747 1382 815 1447 dux
832 1383 976 1467 Austrie,
999 1382 1097 1449 Stiria
1120 1394 1152 1449 et
1175 1384 1356 1469 Kerinthie,

163 1489 313 1553 dominus
336 1487 496 1564 Carniole,
528 1488 673 1552 Marchie
696 1510 736 1552 ac
757 1487 876 1552 Portus
899 1488 1031 1571 Naonis,
1062 1510 1170 1553 comes
1198 1491 1231 1552 in
1253 1487 1357 1553 Habs·

162 1592 291 1679 purkch
321 1604 354 1657 et
384 1592 585 1679 Chyburkch
615 1615 741 1658 necnon
771 1592 996 1678 lanntgravius
1023 1591 1153 1658 Alsacie
1183 1595 1357 1679 superioris

163 1699 378 1784 dominusque
401 1698 623 1763 Phirretarum
646 1707 771 1777 presenti
791 1706 900 1778 pagina
919 1712 1049 1761 constare
1069 1707 1200 1763 volumus
1221 1713 1279 1762 tam
1295 1724 1357 1778 pre·

162 1811 291 1866 sentibus
306 1828 392 1882 quam
407 1810 520 1881 futuris,
537 1812 613 1881 quod
629 1829 693 1865 cum
708 1811 829 1866 dilectus
843 1811 957 1883 genitor
971 1816 1067 1865 noster
1087 1802 1237 1866 dominus
1257 1810 1357 1865 Alber·

161 1922 209 1970 tus
223 1915 342 1970 illustris
358 1916 415 1969 dux
430 1915 546 1970 Austrie
561 1921 590 1970 et
604 1914 690 1969 Stiria
705 1915 886 1987 privilegium
903 1915 1013 1971 dederit
1027 1914 1145 1970 ecclesie
1159 1914 1355 1985 Gottwicensi,

162 2026 304 2091 quatenns
324 2020 350 2074 ei
371 2021 406 2074 de
425 2018 551 2074 eiusdem
571 2018 688 2074 ecclesie
708 2019 936 2091 possessionibus
955 2020 1071 2074 ducenti
1091 2020 1178 2075 modii
1198 2037 1290 2076 avene
1303 2036 1355 2091 pro

161 2125 223 2179 iure
243 2123 396 2179 advocacie
415 2123 453 2178 ab
473 2122 579 2178 abbate
598 2123 675 2178 illius
694 2125 748 2178 loci
769 2125 919 2179 annuatim
941 2124 1128 2194 solverentur,
1152 2142 1204 2180 nos
1227 2123 1356 2195 vestigiis

162 2229 253 2300 patris
272 2229 361 2284 nostri
382 2230 412 2283 in
432 2228 486 2282 hac
505 2234 587 2299 parte
607 2229 743 2284 adherere
763 2229 890 2285 volentes
910 2229 967 2284 iam
987 2230 1063 2285 dicte
1081 2229 1198 2285 ecclesie
1214 2229 1244 2284 in
1259 2246 1355 2283 recon-

161 2350 280 2404 pensam
299 2333 490 2405 predictorum
509 2334 703 2404 serviciorum,
727 2335 965 2405 quemadmodum
984 2340 1067 2406 pater
1088 2340 1194 2406 noster,
1217 2330 1283 2388 sic*
1304 2350 1355 2389 nos

161 2438 331 2492 indulsimus
346 2440 379 2494 et
393 2439 573 2509 presentibus
590 2439 779 2511 indulgemus,
797 2444 939 2509 quatenus
954 2438 1050 2494 nullus
1061 2456 1196 2510 umquam
1208 2439 1354 2494 hominum

161 2542 215 2597 sub
234 2542 349 2597 nomine
369 2543 501 2598 advocati
522 2549 573 2598 aut
591 2543 676 2598 iudex
690 2545 746 2599 aut
762 2561 846 2615 preco
863 2545 898 2598 de
914 2549 1012 2598 nostra
1027 2543 1212 2615 permissione
1228 2544 1288 2599 sive
1304 2543 1354 2597 ali·

162 2646 243 2702 cuius
263 2645 350 2702 officii
369 2649 415 2705 vel
436 2647 535 2703 iudicii
555 2648 703 2704 occasione
719 2648 824 2704 eisdem
840 2647 979 2704 fratribus
994 2648 1024 2703 in
1040 2648 1266 2720 possessionibus
1282 2647 1355 2719 ipso·

161 2771 224 2806 rum
240 2770 292 2807 nec
303 2753 375 2807 citra
391 2744 442 2809 vel
458 2754 533 2808 ultra
545 2751 713 2808 Danubium
726 2753 860 2808 iniuriam
872 2753 977 2809 inierat
989 2755 1034 2811 vel
1046 2753 1189 2810 offendere
1200 2760 1354 2825 presumat,

161 2856 217 2910 nisi
238 2855 310 2912 forte
330 2856 434 2927 aliquis
455 2863 544 2912 morte
560 2858 814 2929 condempnandus
829 2858 860 2912 in
876 2858 959 2912 bonis
975 2858 1099 2928 ipsorum
1115 2864 1243 2932 repertus
1258 2857 1354 2928 fuerit,

162 2978 246 3031 quem
266 2967 361 3016 tamen
381 2962 466 3016 iudex
486 2968 582 3017 noster
601 2962 771 3017 auctoritate
787 2961 903 3034 propria
919 2980 977 3016 non
992 2962 1152 3033 usurpabit,
1173 2964 1222 3017 sed
1237 2962 1356 3017 retentis

162 3064 245 3120 bonis
264 3065 354 3136 illum,
375 3066 449 3121 sicut
468 3066 583 3140 cingulo
602 3066 747 3122 accinctus
762 3066 858 3136 fuerit,
880 3072 977 3121 nostre
993 3066 1080 3121 iudici
1096 3066 1224 3122 homines
1239 3067 1356 3122 ecclesie

161 3169 361 3241 assignabunt.
394 3168 551 3225 Statuimus
568 3171 657 3226 eciam
673 3171 766 3225 locum
782 3175 811 3226 et
826 3176 937 3242 tempus
953 3171 1157 3243 assignationis
1171 3171 1292 3242 predicti
1308 3189 1354 3243 pa·

162 3272 223 3328 buli
238 3273 372 3330 videlicet
383 3281 451 3330 ants
461 3274 566 3330 festum
576 3275 654 3330 beati
666 3275 814 3344 Michaelis
827 3275 992 3347 archangeli
1004 3276 1040 3330 ad
1052 3275 1217 3348 granarium
1228 3280 1357 3330 nostrum

161 3377 285 3433 Wienne
305 3378 358 3433 sub
378 3379 521 3434 communi
541 3385 570 3434 et
590 3379 688 3435 debita
707 3380 833 3435 eiusdem
854 3379 981 3436 civitatis
1001 3397 1133 3435 mensura
1151 3398 1202 3450 per
1222 3380 1356 3435 abbatem

160 3482 320 3552 predictum
335 3482 565 3555 assignandum·
585 3501 621 3538 ne
641 3484 727 3538 alicui
744 3483 919 3539 marschalco
935 3484 975 3539 eis
991 3484 1125 3538 iniuriam
1140 3484 1185 3541 vel
1201 3484 1356 3555 dampnum

161 3584 302 3641 inferendi
318 3588 494 3643 occasionem
510 3588 678 3643 tribuamus.
707 3588 748 3644 Ut
763 3596 858 3643 autem
874 3588 926 3644 hec
940 3593 1004 3643 rata
1019 3593 1048 3642 et
1063 3586 1144 3642 firma
1158 3595 1355 3660 permaneant,

160 3697 307 3761 presentes
326 3692 436 3747 litteras
457 3690 594 3747 nostras*
615 3693 702 3765 sigilli
726 3694 814 3749 nostri
839 3693 1015 3766 appensione
1037 3692 1156 3748 fecimus
1178 3694 1355 3748 communiri,

160 3794 269 3849 Datum
289 3795 413 3851 Wicnne
435 3815 512 3852 anno
535 3798 642 3852 domini
665 3789 833 3854 millesimo
857 3791 1074 3854 tricentesimo
1097 3788 1355 3875 quadragesimo,

161 3900 255 3955 sexta
277 3891 359 3956 feria
381 3902 454 3977 post
477 3904 625 3959 octavam
648 3894 828 3980 epiphanie.

205 4119 288 4186 409.
1033 4126 1116 4185 1340
1131 4127 1242 4185 danner
1258 4126 1309 4184 30.

265 4310 373 4394 Nyklu
396 4312 452 4376 der
467 4311 655 4396 Vrepbcrper
669 4333 729 4376 con
743 4312 878 4379 Hardea
898 4313 967 4378 aad
988 4314 1097 4378 dassen
1112 4312 1206 4378 Fran
1221 4312 1354 4397 Dpemot

160 4415 333 4497 vekuafen
368 4415 438 4479 dan
474 4414 585 4480 erbern
617 4416 713 4482 Hans
749 4438 810 4482 cort
843 4417 984 4500 Obducb,
1022 4417 1150 4500 Bsirper
1185 4438 1227 4483 su
1263 4416 1355 4481 Sund

160 4622 228 4677 408.
267 4634 279 4658 ¹
297 4626 328 4676 B.
346 4625 530 4692 meipnmsdum
553 4633 608 4677 erst
627 4643 682 4702 ivon
707 4629 782 4678 einer
805 4628 887 4678 Hand
910 4628 957 4680 des
981 4628 1081 4681 XVIII.
1098 4626 1191 4679 Jahrh.
1211 4629 1247 4677 irn
1270 4628 1355 4679 Texta

162 4712 368 4778 nachgetrageu.
1292 4747 1294 4750 -
