3400 5350
1271 441 1331 505 161

244 625 349 687 Rullo,
367 627 420 676 824
438 642 477 678 nr.
490 629 532 678 tt.
551 654 583 665 -
602 628 824 691 Kersobbaumer,
842 630 938 681 Gesch.
951 630 976 681 d.
986 630 1064 683 stadt
1080 632 1163 683 Tulln
1181 634 1232 685 319
1250 650 1290 684 nr.
1303 636 1336 684 10

139 728 210 780 regn
229 712 344 775 Quelleu
362 714 491 767 s.(lesch.
503 714 597 765 Wiens
617 718 639 777 1,
657 715 692 776 11,
710 716 761 769 stt
779 733 818 767 nr.
831 719 900 768 2138
918 732 973 784 reg.

246 887 403 951 Memoria
417 886 521 951 labilis
538 896 587 952 est
600 910 653 953 res
669 897 702 953 et
716 911 824 955 rerum
839 889 935 955 turbe
949 913 1014 956 non
1030 891 1158 974 sufficit,
1174 894 1235 958 nisi
1251 895 1336 958 serie

137 992 305 1057 literarum
328 1000 360 1055 et
380 990 580 1077 ydoneorum
603 994 746 1058 virorum
774 996 961 1059 testimoniis
989 995 1204 1062 confirmetur,
1251 996 1336 1077 Qua-

138 1105 273 1183 propter
295 1117 356 1181 ego
378 1095 567 1182 Lenpoldus
590 1096 751 1182 quondam
775 1097 876 1163 iudex
897 1100 1054 1185 posterior
1077 1100 1282 1166 Wiennensis
1305 1109 1338 1165 et

137 1221 224 1265 uxor
252 1221 327 1264 mea
358 1199 476 1286 Lyeba
504 1221 631 1265 necnon
663 1222 774 1266 omnes
808 1201 946 1267 heredes
985 1205 1085 1268 nostri
1114 1203 1157 1268 ad
1186 1206 1336 1270 noticiam

138 1305 289 1390 cupimus
310 1304 482 1389 pervenire
503 1313 569 1369 tam
592 1308 788 1391 presentium
804 1327 902 1391 quam
916 1306 1106 1392 futurorum,
1130 1306 1216 1393 quod
1238 1307 1336 1389 alite,

138 1430 239 1496 quam
262 1428 320 1493 pro
342 1410 438 1472 vinea
461 1410 522 1473 sita
544 1410 574 1473 in
593 1408 818 1493 Velegraben²
839 1409 1021 1497 habuimus,
1044 1411 1183 1478 totaliter
1198 1414 1337 1477 cessavi-

137 1535 211 1579 mus
241 1511 441 1598 abnegantes
471 1515 558 1578 omni
586 1514 657 1594 iuri,
690 1514 777 1600 qnod
809 1517 840 1579 in
876 1514 991 1581 eadem
1022 1515 1234 1602 sperabamus
1265 1538 1336 1581 esse

138 1617 306 1682 habituros
320 1638 378 1702 pro
394 1639 454 1682 sex
472 1616 561 1682 libris
574 1617 778 1683 denariorum
795 1628 921 1684 monete
930 1619 1145 1705 Wiennensis,
1163 1620 1204 1686 de
1221 1620 1337 1707 quibus

138 1744 200 1810 per
232 1722 430 1807 prepositum
461 1722 755 1807 Neunburgensem
780 1723 950 1790 Nicolaum
979 1727 1013 1791 in
1039 1727 1200 1811 integrum
1227 1748 1337 1791 sumus

138 1826 296 1914 expediti,
319 1828 374 1912 qui
404 1825 542 1891 eandem
573 1827 701 1893 vineam
731 1836 841 1893 nostra
868 1827 954 1894 bona
982 1831 1191 1915 permissione
1218 1829 1337 1895 Iacobo

137 1933 263 1997 notario
285 1929 434 1995 collatam
455 1932 632 2017 resignavit
652 1933 722 1996 iure
744 1942 895 1997 montano
915 1932 1145 2019 perpetualiter
1158 1933 1335 2020 possidere.

137 2036 178 2101 In
202 2037 295 2100 cuius
317 2036 364 2099 rei
387 2036 575 2100 memoriam
597 2044 780 2122 presentem
799 2036 924 2101 literam
946 2058 1004 2101 nos
1023 2037 1160 2124 predicti
1182 2035 1337 2103 laudabili

137 2138 243 2226 sigillo
267 2139 385 2204 civium
408 2138 654 2204 Wieunensium
681 2138 806 2225 prefato
828 2139 953 2205 Jacobo
984 2140 1120 2206 fecimus
1147 2142 1337 2206 communiri

136 2242 276 2309 testibus
299 2241 488 2327 subnotatis,
512 2265 648 2329 qnorum
664 2244 794 2309 nomina
809 2254 898 2309 sunt:
922 2245 1096 2310 Heinricus
1119 2245 1160 2309 de
1177 2245 1336 2310 Gotteins·

137 2347 216 2413 veld
246 2345 347 2431 miles,
378 2346 508 2412 Haunlo
539 2346 579 2412 de
610 2346 717 2413 Tulua
746 2346 847 2432 miles,
882 2348 1026 2414 Ditricus
1059 2347 1101 2413 tle
1132 2346 1337 2435 Obalnperge

136 2451 241 2536 miles,
263 2453 418 2537 magister
440 2450 634 2517 Chvnradus
657 2451 764 2516 scriba
778 2451 920 2536 Austrie‚
943 2452 1125 2518 Paltramus
1139 2462 1215 2518 ante
1230 2452 1338 2539 Cymi-

137 2558 267 2641 terium,
292 2555 406 2621 Chvno
437 2555 601 2642 quondam
631 2558 786 2642 magister
814 2565 954 2642 monete,
984 2555 1172 2643 Lenpoldus
1198 2559 1232 2621 in
1261 2555 1338 2621 Alta

137 2661 260 2746 Strata,
292 2661 436 2727 Diti-icus
467 2664 499 2726 in
533 2660 611 2727 Alta
640 2660 758 2747 Strata,
792 2660 941 2728 Sivridus
974 2660 1111 2747 Laublo‚
1144 2659 1337 2727 Wilhalmus

138 2765 311 2851 Suberant,
348 2766 522 2852 Pilgrimue
559 2775 592 2831 et
629 2765 767 2832 (leonius
804 2766 986 2851 Chriglerii,
1020 2765 1222 2831 Wernherus
1260 2768 1337 2851 spis·

135 2873 304 2956 magister,
329 2870 485 2936 Ernestus
506 2872 641 2955 institor,
665 2869 851 2956 Leupoldus
867 2869 1071 2955 Pilhiltorfer,
1092 2869 1280 2955 Leupoldns
1296 2869 1337 2934 de

136 2973 420 3061 Fvnfchyn'chen,
458 2974 652 3041 Ohvnradns
687 2974 865 3059 Vrbetech3
902 2975 1037 3061 Tyemo,
1076 2973 1151 3039 Otto
1194 2972 1337 3057 Suetue13

137 3077 331 3145 Fridericus
347 3078 388 3144 de
403 3078 639 3162 Chrituendorf,
656 3078 785 3144 Vlricus
802 3078 843 3143 de
859 3077 1107 3164 Chrylzendorf,
1123 3077 1337 3165 Weigandus‚

135 3181 368 3248 Wernbardus
405 3182 563 3270 Schyner‚
597 3181 783 3248 Fridericus
816 3180 1009 3266 Hvetetocb,
1043 3182 1149 3265 Cholo
1181 3181 1337 3263 officialis,

136 3286 293 3352 Walther
314 3288 474 3371 vitrarius,
501 3286 675 3352 Heinricns
706 3285 748 3351 de
771 3284 841 3369 ou,
872 3285 994 3351 Albero
1025 3285 1066 3351 de
1095 3285 1215 3352 Sancto
1237 3286 1337 3370 Luco,

132 3390 328 3456 Fridericus
350 3400 428 3456 tunc
451 3392 570 3457 noune
586 3392 705 3456 civium
720 3390 967 3457 Wiennensium
991 3389 1090 3455 etalii
1106 3412 1204 3476 quam
1218 3389 1336 3476 plures.

133 3494 227 3560 Aeta
248 3504 325 3561 suut
346 3495 409 3561 hec
431 3518 516 3561 anuo
539 3495 660 3560 domini
681 3493 932 3561 MOCLXXVI.

243 3653 270 3706 S.
282 3652 307 3703 d.
320 3652 397 3704 suot
414 3653 495 3704 Wien
513 3653 677 3719 beaehtldigt,
696 3652 772 3714 rond,
791 3652 849 3703 roth
868 3653 918 3703 aul
928 3652 1061 3717 schussel,
1080 3652 1118 3702 lv
1130 3651 1153 3701 B
1167 3654 1191 3704 1.
1210 3652 1278 3703 Abb.
1291 3653 1336 3703 bei

129 3738 234 3804 Helly,
251 3740 334 3791 Beitr.
347 3756 370 3790 s.
383 3738 501 3807 Siegelk.
513 3739 538 3791 d.
552 3740 641 3803 Μ.-Δ.,
660 3739 686 3790 Β.
700 3741 734 3790 30
751 3740 806 3791 und
825 3739 884 3789 Tus.
897 3741 921 3788 2.

179 3962 262 4032 160.
791 3969 873 4027 1277
891 3971 1050 4029 lleoembcr
1067 3971 1116 4038 la,
1133 3971 1293 4043 nouwotg.

127 4156 205 4221 Ate
231 4154 405 4220 Hebruoiclt
431 4174 492 4219 eoa
514 4153 668 4239 Gottweip
691 4154 812 4220 belclmt
834 4155 886 4219 die
912 4154 1043 4220 Brtider
1064 4155 1247 4220 Kotomana
1268 4154 1337 4219 aad

126 4257 289 4326 Araducca
314 4279 377 4323 uon
402 4256 593 4343 epponem
621 4259 680 4324 mit
711 4260 781 4324 deta
804 4258 977 4341 purtielleu
1007 4258 1339 4341 Zebcutbeaupsreclrte

396 4381 468 4426 vern
489 4361 575 4445 Hose
596 4363 649 4429 des
670 4362 785 4445 Sttstea
805 4364 842 4428 tn
864 4362 1080 4445 Pfuffeudorf.

127 4536 201 4590 159.
249 4536 325 4587 ¹Die
348 4537 630 4589 Administrativkarte
653 4554 678 4588 v.
696 4538 789 4588 N.·Oe.
802 4538 828 4588 S.
842 4540 875 4587 52
899 4538 976 4587 weist
997 4536 1119 4587 nordliclr
1142 4552 1195 4587 von
1213 4535 1337 4603 Kierling

125 4625 178 4676 bei
188 4622 425 4691 Kloeumsuburg
437 4625 517 4675 einen
527 4623 691 4674 Flumameu
706 4623 807 4675 seuve
812 4623 917 4675 Grubcu
928 4624 983 4686 auf,
995 4623 1110 4675 welcher
1122 4623 1171 4673 mit
1185 4621 1338 4689 Votorum

126 4710 211 4765 wohl
234 4708 363 4762 identisolr
381 4711 425 4762 ist

186 4802 302 4845 roam
320 4802 425 4846 nuso.
443 4803 529 4846 sam
1145 4798 1176 4846 11
1243 4777 1249 4788 ⁴
