3400 5350
1289 433 1352 499 tls

160 622 328 704 universis,
358 617 402 685 ad
435 641 515 707 quos
545 631 712 709 presentes
741 624 960 709 pervenerint,
991 623 1127 691 salutem
1157 626 1191 690 in
1214 623 1351 692 dominc

158 726 201 791 Et
234 724 395 791 mandatis
428 726 555 812 nostris,
588 749 665 813 ymo
699 729 809 794 verius
842 727 1023 814 apostolicis
1058 727 1191 795 obedire
1225 727 1352 817 pridem

158 831 348 896 auctoritate
377 837 411 895 et
439 831 551 914 vigore
581 830 746 897 literarum
769 833 962 898 sanctissimi
983 834 1017 898 in
1040 832 1167 899 Christo
1189 835 1289 920 patris
1312 856 1352 899 ac

160 935 281 1001 domini
311 935 420 1017 nostri,
454 933 575 1000 domini
603 934 728 1001 Vrbani
761 935 874 1002 divina
906 935 1116 1022 providencia
1148 959 1234 1025 pape
1268 940 1353 1003 sexti

160 1037 378 1127 parrochiales
402 1037 556 1104 ecclesias
578 1041 612 1104 in
635 1039 742 1125 Nelib,
766 1040 936 1106 Hofstaten
958 1050 992 1106 et
1013 1043 1047 1106 in
1069 1042 1244 1108 Mautarnn
1259 1043 1352 1110 Pata·

159 1146 278 1210 viensis
305 1143 442 1209 diocesis
472 1166 547 1210 cum
576 1144 724 1214 omnibus
753 1145 877 1212 iuribus
908 1154 941 1210 et
972 1148 1179 1232 pertinenciis
1201 1148 1266 1214 suis
1288 1170 1352 1214 mc

159 1253 300 1315 nasterio
323 1247 520 1315 Gotwicensi
551 1248 636 1316 dicte
666 1249 803 1316 diocesis
832 1251 1107 1336 incorporavimus
1137 1254 1298 1319 univimus
1320 1263 1353 1318 et

159 1356 352 1420 anneximus
385 1355 441 1438 ita,
479 1352 565 1440 quod
599 1353 790 1420 cedentibus
822 1354 876 1420 vel
909 1353 1141 1421 decedentibus
1175 1357 1352 1423 rectoribus

158 1461 302 1546 ipsarum
332 1457 555 1544 ecclesiarum,
586 1461 643 1546 qui
671 1482 759 1525 nunc
788 1469 872 1543 sunt,
904 1458 956 1525 vel
987 1460 1141 1527 ecclesias
1167 1463 1254 1548 ipsas
1277 1483 1352 1549 quo

159 1562 334 1630 modolibet
355 1562 588 1630 dimittentibus
609 1563 705 1630 liceat
727 1563 838 1632 abbati
861 1574 894 1629 et
915 1569 1089 1632 conventui
1106 1566 1245 1655 predicti
1261 1567 1353 1635 Gott-

159 1671 307 1736 nicensis
340 1670 525 1734 monasterii
560 1667 760 1756 corporalem
793 1671 1028 1756 possessionem
1065 1670 1277 1738 ecclesiarum
1313 1695 1352 1738 ac

159 1776 276 1840 iurium
307 1784 339 1839 et
367 1775 644 1860 pertinenciarum
672 1772 891 1860 predictorum
919 1772 1022 1840 libere
1051 1774 1297 1863 apprehendere
1320 1788 1354 1843 et

159 1880 244 1950 licite
266 1881 405 1945 retinere
429 1877 592 1946 diocesani
613 1880 675 1946 loci
696 1879 750 1945 vel
773 1881 1005 1967 cuiuscumque
1026 1880 1157 1948 alterius
1177 1901 1276 1969 super
1290 1881 1352 1948 hoc

159 1985 295 2051 licencia
326 1985 457 2050 minime
489 1985 653 2072 requisita.
701 1985 953 2052 Reservavimus
983 1994 1092 2052 tamen
1122 1986 1164 2053 de
1193 1987 1353 2054 fructibus

159 2089 340 2156 redditibus
371 2089 569 2176 singularum
599 2092 743 2177 ipsarum
770 2090 982 2157 ecclesiarum
1004 2113 1063 2179 pro
1085 2091 1219 2178 singulis
1240 2113 1352 2179 perpe

160 2197 221 2261 tuis
250 2196 380 2260 vicariis
410 2194 611 2260 secularibus
642 2194 766 2261 clericis
796 2194 920 2261 ibidem
956 2217 1015 2282 per
1050 2195 1257 2263 diocesanum
1290 2197 1353 2264 loci

160 2298 312 2365 videlicet
341 2300 528 2386 episcopum
550 2299 788 2384 Pataviensem‚
819 2301 874 2387 qui
905 2322 962 2386 pro
992 2310 1137 2387 tempore
1163 2301 1268 2384 firerit,
1299 2301 1353 2368 vel

160 2402 240 2468 sede
271 2402 444 2490 episcopali
466 2402 587 2469 ibidem
611 2413 749 2470 vacante
772 2426 830 2491 per
854 2405 1030 2491 capitulum
1051 2406 1246 2473 Patavicnse
1267 2409 1352 2473 insti·

159 2506 287 2573 tuendis
321 2517 354 2573 et
385 2510 551 2574 servituris
584 2507 713 2575 domino
745 2508 952 2577 laudabiliter
981 2512 1014 2576 in
1044 2509 1162 2576 divinis
1192 2532 1352 2596 congruas

159 2614 339 2699 passiones,
374 2611 416 2678 de
450 2612 568 2701 quibus
601 2615 712 2681 vicarii
745 2615 807 2702 ipsi
839 2617 963 2702 possint
995 2636 1138 2701 congrue
1168 2618 1352 2701 sustentari,

160 2717 355 2806 episcopalis
383 2721 455 2783 iura
484 2716 609 2784 solvere
640 2729 673 2784 et
698 2719 762 2785 alia
785 2721 830 2785 eis
853 2718 1079 2786 incumbancia
1100 2742 1198 2786 onera
1221 2742 1352 2808 suppor-

159 2832 239 2907 tare,
261 2832 358 2909 prout
378 2822 440 2888 hec
463 2832 496 2888 et
516 2822 581 2889 alia
601 2824 635 2888 in
658 2822 752 2889 dictis
774 2823 875 2890 literis
896 2823 1077 2912 apostolicis
1100 2834 1133 2890 et
1154 2827 1271 2891 nostrie
1286 2825 1353 2912 ple·

160 2929 232 2993 nius
255 2928 468 2993 continentur.
499 2926 623 2993 Verum
646 2937 679 2992 et
699 2927 825 2994 fructus
839 2927 986 2994 redditus
1003 2938 1036 2994 et
1049 2939 1224 3016 proventus
1240 2952 1353 2997 earun-

161 3030 236 3096 dem
251 3030 462 3096 ecclesiarum
477 3042 665 3097 remaneant
676 3031 805 3098 indivisi
816 3041 849 3099 et
860 3032 948 3119 apud
960 3033 1114 3099 ecclesias
1126 3033 1306 3101 antedictas
1322 3046 1354 3101 et

159 3145 195 3201 ut
215 3137 277 3222 ipsi
299 3137 412 3200 vicarii
433 3135 596 3201 seculares
617 3138 766 3223 perpetui
786 3135 908 3204 ibidem
923 3137 1110 3204 instituendi
1126 3159 1164 3205 eo
1178 3138 1304 3205 facilius
1319 3148 1354 3206 et

161 3238 362 3306 comcdcsius
391 3238 523 3306 valeant
549 3243 622 3307 iura
652 3239 848 3328 episcopalia
878 3250 911 3307 et
942 3242 1083 3330 papalia,
1113 3244 1354 3330 procurationes

161 3344 343 3432 legatorum
365 3353 398 3410 et
419 3347 610 3411 nunciorum
631 3343 718 3410 sedis
740 3345 914 3431 apostolice
937 3345 1106 3415 exsolvere
1129 3358 1162 3413 et
1175 3347 1240 3414 alia
1254 3368 1354 3414 onera

159 3451 237 3536 ipsis
265 3449 492 3515 incumbencia
520 3459 720 3538 supportare,
752 3449 794 3515 de
816 3450 975 3516 nasutas
997 3451 1208 3538 proventibus
1229 3453 1353 3519 iuribus

161 3564 193 3620 et
220 3552 475 3619 obvencicnibus
504 3556 663 3621 universis
692 3554 735 3620 ad
758 3554 936 3642 quamlibet
962 3555 1120 3622 dictarum
1142 3555 1352 3623 ecclesiarum

159 3657 394 3745 pertinentibus
418 3668 450 3723 et
472 3658 693 3745 spectantibus
716 3669 839 3726 certam
861 3682 1020 3726 summam
1043 3662 1254 3747 pecuniarum
1283 3684 1353 3749 prc-

161 3761 246 3829 dicto
276 3766 468 3828 monasterio
492 3762 701 3831 Gottwicensi
730 3787 770 3831 ac
801 3766 871 3831 eius
900 3763 1012 3830 abbati
1042 3774 1075 3830 et
1097 3769 1269 3831 conventui
1292 3768 1353 3832 sin·

160 3867 243 3952 gulis
272 3868 349 3953 ipsis
378 3890 399 3931 a
427 3867 582 3954 predictis
611 3870 741 3934 vicariis
769 3867 1018 3956 persolvendam
1040 3878 1191 3936 uranus
1214 3869 1351 3957 disponi·

159 3993 231 4039 mus
261 3981 294 4036 et
315 3970 502 4038 ordinamus
524 3971 677 4039 videlicet
700 3971 741 4039 de
765 3972 903 4039 ecclesis
924 3974 957 4038 in
979 3972 1074 4039 Nelib
1098 3976 1279 4061 sexaginta,
1310 3974 1351 4040 de

160 4075 330 4142 Hofsteten
359 4078 491 4163 triginta
524 4088 556 4145 et
589 4076 630 4143 de
663 4078 817 4144 Mantarn
850 4079 982 4164 triginta
1013 4077 1112 4144 libras
1146 4078 1352 4147 denariorum

161 4180 367 4247 Wiennensis
397 4182 518 4248 usualis
547 4193 675 4249 monete
706 4183 838 4270 singulis
865 4185 958 4250 annis
980 4206 1001 4249 a
1022 4184 1151 4250 vicariis
1174 4183 1351 4250 earundem

160 4286 369 4352 ecclesiarum
412 4286 558 4374 predicto
601 4290 793 4354 monasterio
838 4288 1047 4356 Gottwicenei
1090 4299 1127 4355 ut
1174 4288 1352 4376 predicitur

160 4387 446 4476 persolvendorum
480 4391 637 4459 videlicet
669 4392 805 4460 duobus
833 4393 1033 4481 temporibus
1070 4393 1242 4461 cuiuslibet
1274 4396 1351 4460 anni

160 4494 363 4561 medietatem
402 4499 435 4561 in
458 4494 552 4563 'festo
586 4519 611 4562 s.
647 4497 759 4563 Georii
792 4509 825 4564 et
858 4498 954 4565 aliam
986 4498 1193 4565 medietatem
1226 4521 1350 4565 summe

159 4606 270 4664 taxata
311 4612 344 4667 et
385 4599 516 4666 cuilibet
556 4602 692 4669 ecclesie
733 4604 881 4690 imposita
921 4607 955 4669 in
995 4603 1076 4669 festo
1119 4627 1143 4671 e.
1181 4598 1350 4685 Michaelis

159 4712 237 4769 tnnc
271 4707 418 4791 proximo
451 4709 607 4793 sequenti.
652 4705 687 4774 si
723 4730 801 4775 vero
838 4710 900 4795 ipsi
935 4710 1049 4776 vicarii
1085 4730 1245 4777 summam
1279 4730 1350 4796 pre
