3400 5350
1284 427 1346 500 tlt

261 626 315 711 [In
336 627 466 692 nomine
488 625 659 711 domini;]⁸
682 648 787 692 amen.
810 625 908 691 Anno
930 627 1106 694 nativitatis
1122 623 1267 693 eiusdem
1281 625 1348 693 mil·

2 805 13 835 y,
157 730 269 798 lesimo
290 733 515 798 trecentesimo
537 733 754 820 octoagesimo
776 740 903 816 octavo,
924 730 1106 797 indiccione
1127 731 1188 817 XI,
1220 730 1273 797 die
1300 731 1350 798 III

158 839 279 902 mensis
307 839 446 924 angusti,
476 835 555 903 bora
584 837 758 903 terciarum
787 836 841 902 vel
867 837 970 924 quasi,
991 835 1197 923 pontificatus
1219 839 1349 902 sanetis·

158 942 231 1006 simi
251 942 300 1025 [iu
321 940 485 1026 ChristoJ⁸
506 942 606 1028 patris
628 963 668 1007 ac
688 940 810 1006 domini
824 941 935 1023 uestri,
960 939 1079 1006 domini
1095 940 1221 1006 Vrbani
1240 939 1350 1006 divina

2 1093 14 1120 ,
158 1044 368 1133 providencia
396 1067 481 1134 pape
511 1047 596 1112 sexti
616 1067 702 1111 anno
724 1046 775 1111 XI
797 1068 908 1112 eoram
929 1044 1107 1111 venerabili
1129 1049 1199 1112 viro
1220 1044 1350 1112 domino

160 1151 280 1219 Georio
313 1150 356 1217 de
385 1151 639 1236 Liechtenstain,
671 1152 835 1239 preposito
869 1149 1006 1216 ecclesie
1036 1150 1190 1217 Omnium
1219 1149 1351 1218 Sancto

159 1278 242 1341 rum,
271 1256 351 1322 alias
373 1257 484 1324 Sancti
505 1256 661 1343 Stephani
685 1256 939 1341 [Pataviensis]·
969 1253 1128 1343 dyocesis,
1156 1258 1188 1322 in
1211 1258 1279 1322 mei
1298 1280 1352 1323 no

159 1362 233 1426 tarii
254 1361 376 1447 publici
397 1363 590 1449 testiumque
612 1361 867 1448 subscriptorum
889 1359 932 1425 ad
955 1358 1017 1425 boc
1039 1369 1228 1426 vocatorum
1250 1371 1351 1427 etro

161 1473 309 1551 gatorum
338 1467 508 1552 presencia
536 1466 748 1553 personaliter
777 1467 969 1531 constitutus
997 1464 1191 1531 honorabilis
1221 1468 1272 1532 vir
1299 1466 1352 1530 do

162 1571 268 1635 minus
295 1569 483 1656 Leupoidus
512 1570 675 1657 quondam
698 1569 801 1637 Vlrlci
830 1570 887 1655 [de
909 1570 1088 1653 Wieuua]⁸
1116 1569 1352 1636 baccalaureus

162 1676 194 1739 in
225 1674 348 1740 artibus
376 1685 484 1742 rector
512 1675 621 1742 elteris
651 1686 763 1742 sancte
785 1674 923 1761 Agnetis
945 1673 997 1744 siti
1017 1673 1050 1739 in
1075 1678 1267 1740 monasterio
1290 1699 1353 1742 mo

163 1778 294 1844 nialium
316 1779 360 1845 ad
382 1779 577 1866 Oeliportam
600 1780 817 1861 wiennensis,
840 1779 1014 1868 presbyter
1037 1780 1181 1866 eiusdem
1203 1779 1354 1868 dyocesis

163 1883 376 1970 Pataviensis,
406 1884 512 1951 eidem
541 1883 671 1951 domino
699 1886 864 1972 preposito
895 1933 1260 1952 ............
1283 1908 1354 1974 pre

164 1991 303 2056 sentavit
324 1989 483 2076 quasdam
504 1989 628 2056 liberas
649 1990 841 2077 apostolicas
855 1991 1048 2055 sanctissimi
1063 1992 1096 2055 in
1112 1988 1239 2056 Christo
1254 1994 1354 2078 patris

162 2115 204 2158 ac
231 2092 350 2160 domini
371 2096 482 2180 nostri,
513 2095 633 2161 domini
648 2095 775 2161 Vrbani
797 2093 908 2160 divina
930 2092 1141 2181 providencia
1161 2116 1252 2182 pape
1270 2100 1355 2163 sexti

164 2197 281 2284 prefati
318 2198 460 2286 quadam
496 2201 607 2287 meda
635 2249 1210 2266 ..................
1234 2202 1355 2287 specie

164 2303 238 2368 liter
266 2303 368 2369 factas
398 2326 497 2392 snper
524 2304 670 2391 predicto
700 2304 792 2369 altari
815 2313 926 2369 sancte
949 2302 1096 2389 Agnetis,
1123 2306 1241 2370 virtute
1264 2307 1355 2370 onius

164 2410 276 2495 gracie
298 2417 332 2474 et
351 2408 531 2475 litterarum
552 2410 713 2496 prelatum
737 2407 902 2474 dominnm
923 2409 1120 2495 prepositum
1146 2409 1357 2496 principalem

167 2523 375 2580 executorem
404 2513 567 2580 humiliter
595 2515 773 2600 requisivit,
803 2522 840 2578 ut
869 2514 1035 2599 pri[orisse
1065 2514 1132 2595 et]·
1166 2512 1358 2581 monialibus

165 2619 284 2707 prefati
312 2620 497 2686 monasterii
525 2617 568 2685 ed
592 2617 788 2707 Oeliportam
816 2615 979 2684 intimaret
1004 2618 1180 2684 inm'nuaret
1202 2627 1235 2684 et
1255 2617 1357 2706 publi·

167 2734 258 2790 curet
286 2723 448 2811 predictas
477 2723 600 2790 littam
628 2722 819 2810 apostolicas
841 2722 963 2788 domini
985 2720 1085 2788 nostri
1107 2744 1193 2810 pape
1216 2733 1249 2790 et
1270 2720 1358 2811 quod

166 2831 199 2894 in
230 2829 427 2895 contrarium
458 2850 570 2894 earum
592 2836 704 2893 contra
725 2827 909 2914 predictum
931 2826 1096 2892 dominum
1120 2877 1356 2894 ........

168 2982 404 3002 ........
428 2932 604 3021 quidquam
627 2935 740 3020 quovis
762 2933 858 2998 modo
880 2954 944 2997 non
966 2941 1179 3019 attemptaret.
1204 2931 1269 3013 Qui
1291 2935 1358 3019 qui·

168 3037 245 3104 dem
272 3037 420 3104 dominus
448 3039 630 3125 prepositus
657 3046 813 3102 executor
834 3036 1020 3123 principalis
1043 3058 1086 3100 ex
1108 3034 1358 3103 racionabilibus

168 3145 274 3209 causis
302 3144 408 3230 ipsum
437 3142 480 3209 ad
511 3142 573 3209 boc
600 3140 804 3208 monentibus
826 3143 982 3207 interesse
1004 3162 1068 3206 non
1090 3143 1201 3227 putuit,
1225 3140 1283 3206 sed
1305 3141 1358 3207 bo

168 3246 305 3313 norabili
327 3250 397 3313 viro
422 3296 722 3313 ..........
747 3243 922 3313 Chdnrado
946 3244 988 3310 de
1009 3243 1241 3330 Entzensueld‚
1271 3267 1358 3333 pres

167 3351 283 3439 bytero
305 3352 507 3418 Pataviensis
538 3350 688 3439 dyocesis
718 3348 875 3438 predicte,
906 3362 1072 3438 tamquam
1100 3372 1157 3416 suo
1180 3350 1359 3417 subexecu·

168 3458 228 3521 tori
250 3455 292 3521 ad
316 3455 546 3543 exequendum
569 3454 726 3522 dictarum
748 3454 926 3521 litterarum
950 3457 1182 3521 execuoionem
1213 3453 1359 3520 subdele-

167 3563 258 3647 gavit
268 3570 363 3649 prout
374 3569 499 3627 constat
511 3608 846 3627 ..............
863 3562 985 3625 notario
1000 3558 1131 3647 publico
1145 3559 1358 3647 infrascripto,

169 3664 391 3752 uniusquidem
407 3664 686 3751 subdelegacionis
701 3666 813 3750 rigore
827 3663 992 3750 predictus
1004 3663 1153 3730 dominus
1164 3663 1360 3731 Obdnradus

169 3770 397 3857 subexecutor,
428 3782 463 3837 ut
491 3773 695 3857 premittitur,
725 3769 898 3857 deputatus
927 3767 1110 3856 predictum
1131 3771 1360 3836 monasterium

169 3874 354 3941 monialium
377 3873 420 3940 ad
443 3874 688 3963 [Oeliportam]·
711 3874 924 3963 personaliter
937 3877 1076 3940 accessit
1091 3885 1124 3940 et
1138 3877 1269 3941 intravit
1281 3897 1360 3940 una·

171 4001 245 4045 enm
274 3978 388 4046 litteris
413 3979 595 4067 apostolicis
626 3990 659 4045 et
680 3978 885 4066 processibus
907 3977 984 4047 inde
1006 3978 1186 4045 subsecutis
1209 3977 1362 4044 videlicet

170 4083 213 4149 ad
242 4083 446 4150 venerabiles
469 4095 500 4150 et
521 4084 687 4170 religiosas
711 4083 857 4151 dominam
880 4082 1042 4170 Agnetem
1065 4081 1184 4149 dictam
1207 4083 1360 4170 Mayrinn

170 4188 413 4274 [priorissam],·
438 4188 610 4255 Elisabeth
633 4187 751 4254 dictam
774 4186 1039 4275 Hindpergerinn
1061 4186 1309 4274 subpriorissam
1329 4196 1361 4252 et

170 4292 303 4360 Bertam
324 4295 575 4380 procuratricem
597 4302 763 4379 tamquam
785 4292 827 4358 ad
850 4296 1011 4358 saniorem
1033 4302 1160 4380 partem
1183 4300 1361 4358 conventus

171 4398 356 4464 monialium
385 4397 523 4486 predicti
553 4400 737 4464 monasterii
758 4397 802 4463 ad
823 4396 1069 4484 Oelipor[tam]⁸
1092 4446 1359 4463 .........

171 4501 215 4567 ad
236 4502 298 4570 hoo
320 4503 504 4589 specialiter
525 4506 711 4570 convocatis
733 4508 767 4568 et
788 4501 922 4568 easdem
943 4501 1064 4567 litteras
1086 4504 1276 4567 auctoritate
1290 4522 1360 4588 pre·

174 4652 382 4665 -u———u-h——n

172 4728 235 4786 usu.
271 4741 286 4768 ·
303 4732 379 4785 uses
396 4732 458 4783 een
475 4732 558 4785 sane
575 4733 692 4799 orgum
