3400 5350
344 394 386 459 28

445 589 493 639 Ab
515 588 693 640 Vomriumo
714 588 806 640 dianio
828 607 867 641 nr.
888 594 927 641 11.
946 618 980 628 -
1003 591 1046 641 Da
1071 590 1179 641 Bianor
1200 592 1296 644 Uln'eh
1319 592 1339 643 L
1361 609 1414 643 von
1437 594 1538 644 Puni

340 676 481 734 abstrusa,
499 676 554 727 und
573 691 644 727 ινιτ
660 678 771 743 speeiell
788 678 841 727 den
856 679 944 728 Bneita
962 678 1010 728 der
1027 679 1119 728 Pistre
1133 680 1198 729 Kilb
1215 682 1350 745 bestitigt,
1370 698 1400 730 so
1415 681 1476 730 sind
1490 683 1539 730 wir

341 781 403 815 zum
421 763 547 813 Soblnsse
569 764 727 830 berschtigt
744 764 804 814 dass
821 765 870 815 das
892 766 955 816 Stia
973 766 1041 815 nach
1063 768 1129 816 loeo
1147 766 1248 831 Sept9
1265 767 1380 817 visliaeh
1398 769 1427 817 in
1445 770 1537 818 seinen

340 851 461 901 Rechten
483 851 693 916 beeinaaohtigt
713 852 813 913 warde,
837 869 867 902 so
888 852 950 902 dass
972 853 1020 903 der
1042 852 1153 903 Bischoi
1173 871 1221 904 zur
1238 854 1377 919 Wahrnng
1397 853 1445 904 der
1470 856 1537 904 stia-

341 937 432 988 lichen
449 937 552 988 Rechts
570 937 654 987 durch
672 940 735 988 eine
751 954 823 989 neue
841 938 973 991 Urkunds
991 939 1132 1005 genotlrigt
1150 956 1211 990 aar.
1246 942 1299 991 Die
1317 941 1537 1008 chronologisehe

340 1024 510 1092 Einreilrung
527 1025 625 1076 bernht
636 1025 686 1075 ruf
695 1024 849 1087 Coniectur,
866 1026 901 1077 da
918 1027 1022 1078 sichero
1034 1027 1251 1093 Anhaltspnnkte
1264 1028 1425 1096 vollstindig
1437 1029 1536 1081 iehlsn.

444 1223 550 1280 Notum
575 1224 615 1279 sit
639 1215 788 1281 omnibus
817 1216 936 1283 Christi
966 1217 1126 1301 fidelibm,
1154 1228 1278 1299 qualiter
1307 1247 1361 1301 ogo
1386 1200 1537 1284 ddalrieus

341 1329 388 1384 dei
413 1327 509 1401 gratia
530 1326 712 1385 Pataviensis
734 1330 885 1403 episeopus
911 1323 1116 1409 parrochiam
1142 1323 1185 1389 ad
1209 1324 1348 1390 Chuliub
1377 1352 1441 1389 eum
1465 1334 1537 1390 anti·

341 1433 439 1504 quitus
453 1431 568 1505 prefixit
591 1433 719 1488 terminis
735 1427 814 1510 eiua,
830 1447 928 1511 quam
951 1429 1004 1512 pie
1019 1436 1154 1506 memorie
1174 1437 1324 1510 episeopus
1339 1432 1537 1494 Altmannus*

341 1554 428 1608 super
441 1537 533 1592 altare
547 1543 647 1608 sancte
663 1537 754 1609 llario
769 1539 799 1593 in
812 1546 909 1595 monte
917 1540 1096 1613 Kotwigensi
1108 1541 1253 1614 delegavit
1264 1548 1293 1597 et
1303 1534 1537 1619 providendam

341 1642 480 1697 fratribus
495 1633 640 1699 eiusdem
656 1643 711 1698 loci
726 1645 878 1716 commisit,
894 1645 932 1700 ob
947 1663 1027 1717 spem
1048 1651 1146 1716 eterne
1167 1638 1327 1703 mercedis
1346 1649 1537 1704 ecclesiastiea

341 1748 513 1803 anctoritate
535 1746 702 1806 confirmavi
724 1754 755 1804 ot
776 1767 814 1804 ne
835 1750 988 1821 quisquam
1012 1763 1133 1824 eorum,
1161 1765 1297 1828 quorum
1319 1743 1433 1829 predia
1455 1744 1539 1809 inira

341 1842 481 1908 eundem
503 1846 675 1909 terminum
698 1847 815 1930 iacent,
845 1854 956 1926 aliquid
979 1873 1012 1910 ox
1040 1855 1082 1911 eis
1109 1855 1265 1930 infringere
1290 1858 1348 1912 aut
1368 1851 1538 1914 immutare

341 1945 462 2013 audeat
475 1949 529 2013 vel
544 1957 712 2013 imminuere
732 1949 850 2033 valeat,
871 1959 959 2031 sigilli
981 1960 1035 2014 mei
1056 1959 1234 2031 inpressione
1252 1961 1376 2033 signavi.
1407 1954 1471 2018 Hic
1490 1964 1539 2019 ost

341 2074 420 2137 ergo
443 2055 598 2118 terminus
622 2053 767 2118 eiusdem
794 2054 965 2139 parrochie
985 2081 1084 2119 versus
1111 2064 1286 2120 occidentem
1308 2066 1384 2121 inter
1402 2065 1539 2122 allodium

341 2164 513 2221 marchionis
536 2166 670 2238 Liupoldi
697 2173 727 2222 et
745 2168 926 2239 quorundam
946 2167 1085 2222 nobilium
1106 2169 1283 2224 descendens
1301 2188 1319 2224 a
1342 2170 1484 2228 montanis
1508 2172 1537 2225 in

340 2267 488 2324 Oebirmar
503 2270 570 2325 inde
585 2271 622 2324 ad
638 2269 813 2342 Smidibaeh,
830 2272 909 2326 iuxta
925 2290 1009 2343 quem
1025 2272 1117 2329 rivum
1131 2274 1261 2328 aseendit
1276 2275 1312 2328 ad
1324 2275 1422 2330 villam
1437 2274 1538 2331 Smidi·

340 2372 423 2444 baeb,
439 2373 506 2429 inde
521 2373 603 2429 vadit
616 2372 694 2429 Soeit
709 2375 745 2429 ad
761 2376 855 2431 rivum
868 2375 1026 2446 Haimonis,
1049 2377 1084 2431 de
1100 2376 1167 2431 hine
1182 2378 1219 2431 ad
1234 2378 1436 2449 Moissinbaob‚
1453 2397 1537 2451 quem

340 2477 489 2533 deseendit
503 2478 540 2532 ad
556 2477 654 2533 villam
671 2478 802 2535 Huriwin
819 2484 848 2535 et
863 2480 940 2534 hune
956 2498 1046 2551 usque
1061 2481 1096 2536 ad
1108 2480 1278 2553 Simieham,
1291 2500 1375 2553 quem
1390 2484 1538 2539 deseendit

339 2582 376 2637 ad
397 2582 645 2655 Radwanasbaeh,
670 2589 700 2637 et
722 2583 797 2638 buno
821 2585 968 2640 aseendit·
991 2603 1081 2656 usque
1104 2587 1140 2640 ad
1162 2587 1313 2657 tumulum,
1337 2587 1387 2658 qui
1414 2589 1539 2644 exerevit

339 2704 426 2757 super
440 2687 589 2760 wagrein,
606 2688 673 2743 inde
689 2691 809 2744 eandem
825 2690 1008 2745 altitudinem
1023 2692 1105 2746 vadit
1119 2691 1156 2746 ad
1175 2697 1263 2763 eaput
1278 2691 1395 2763 Edilize,
1411 2693 1479 2747 inde
1499 2695 1536 2748 ad

339 2790 497 2862 proximum
522 2788 676 2864 montem,l
699 2794 749 2865 qui
774 2796 900 2866 pertinet
922 2796 959 2849 ad
982 2793 1160 2866 Honistetin‚
1189 2795 1256 2851 hine
1283 2797 1430 2852 descendit
1455 2798 1536 2852 iuxta

338 2892 535 2950 Chrebiabaeh
550 2898 579 2951 in
595 2897 726 2975 Pielaha‚
741 2916 825 2969 quem
843 2900 947 2955 transit
961 2903 1037 2954 recto
1053 2899 1143 2955 limite
1155 2901 1192 2955 ad
1207 2900 1377 2956 Scintileeea
1391 2901 1535 2957 interduo

338 2999 445 3055 allodia
460 3001 632 3057 marchionis
646 3001 782 3058 Otaehari
803 3009 832 3058 et
851 3003 1003 3076 Piligrimi,
1024 3003 1091 3059 inde
1106 3010 1184 3059 reeta
1200 3005 1276 3060 linea
1295 3006 1332 3060 ad
1348 3005 1535 3079 Riebinsoeit,

338 3106 442 3162 deinde
457 3108 495 3162 ad
515 3112 603 3178 eaput
622 3107 751 3178 Pielalra‚
772 3108 840 3163 inde
860 3127 911 3180 per
934 3109 1114 3164 altitudinem
1138 3115 1303 3165 montanam
1325 3110 1428 3166 transit
1450 3129 1538 3183 super

338 3207 509 3265 Steinbereb
524 3215 554 3265 et
568 3212 603 3265 do
618 3210 786 3267 Stoiubereh
802 3212 878 3267 inter
893 3214 949 3267 duo
964 3213 1071 3267 allodia
1086 3214 1257 3269 marchionis
1272 3215 1406 3286 Liupoldi
1422 3222 1451 3270 et
1465 3233 1535 3288 quo·

339 3314 459 3368 rundam
475 3312 615 3368 nobilium
632 3315 784 3370 revertitur
799 3316 829 3369 in
845 3316 938 3372 rivum
954 3315 1112 3373 Cebirmar.
1143 3318 1285 3389 Quicquid
1305 3318 1382 3374 infra
1395 3319 1447 3375 hee
1463 3321 1533 3375 eulti

337 3422 367 3471 ot
381 3414 482 3471 inculti
497 3409 591 3492 iacet,
608 3419 646 3472 ad
661 3419 839 3490 parrochiam
858 3418 981 3476 Ghvliub
997 3421 1130 3493 pertinet.
1154 3421 1261 3493 siquis
1276 3423 1365 3495 igitur
1380 3438 1422 3479 ex
1438 3415 1534 3481 huius

337 3513 463 3576 termini
487 3511 710 3598 decimatione,
734 3535 832 3599 quam
847 3514 1042 3581 Altmannus
1067 3518 1119 3602 pie
1141 3520 1294 3595 memorie
1309 3528 1342 3583 et
1357 3541 1418 3604 ego
1433 3492 1532 3586 ddal-

338 3617 424 3682 rious
456 3615 509 3682 dei
531 3620 636 3704 gratia
658 3620 829 3705 episeopus
853 3635 954 3699 saneto
975 3630 1066 3700 Mario
1090 3635 1119 3685 et
1142 3630 1280 3686 fratribus
1305 3632 1358 3687 deo
1378 3632 1408 3685 in
1429 3632 1539 3689 Kotwi·

336 3729 417 3801 gensi
434 3730 495 3785 loeo
512 3730 702 3786 militantibus
718 3732 891 3788 contulimus
907 3740 936 3788 et
950 3726 1158 3811 firmavimm,
1180 3735 1289 3806 aliquid
1309 3735 1469 3809 abstulerit,
1490 3738 1535 3791 in·

338 3832 465 3890 minuere
480 3835 525 3890 vel
542 3835 699 3908 infringere
714 3838 907 3908 temptaverit,
932 3838 1048 3894 vinculo
1068 3839 1106 3894 sit
1124 3839 1315 3895 anathematis
1334 3840 1479 3913 obligatus
1498 3861 1535 3897 ae

337 3937 392 3992 nisi
408 3938 465 3993 oito
480 3939 639 4012 resipuerit,
656 3940 747 3998 divini
762 3941 861 3996 iudicii
877 3943 1085 3999 examinatione
1100 3944 1138 3999 sit
1153 3950 1289 4016 perpetuo
1305 3946 1485 4017 dampnatus.

439 4122 529 4189 Siegel
547 4124 578 4174 B.
588 4123 714 4188 Ulrielr‘s‚
728 4126 823 4185 braun,
837 4125 911 4176 Illa
924 4129 947 4188 l,
957 4126 1055 4177 weieht
1068 4128 1103 4178 ab
1118 4144 1171 4179 ron
1180 4127 1303 4180 derAbb.
1314 4128 1358 4179 bei
1372 4130 1532 4192 Hautbaler,

337 4210 399 4260 llee.
411 4210 434 4270 1,
452 4208 511 4260 aas.
526 4211 543 4260 4
561 4226 600 4293 nr.
617 4213 629 4260 1
648 4228 675 4263 u.
689 4212 807 4274 llueber,
830 4211 939 4264 austria
961 4229 994 4263 ex
1016 4214 1088 4264 areb.
1099 4213 1180 4292 itali.
1196 4214 1235 4264 ill.
1254 4216 1341 4265 Tati
1365 4219 1437 4266 ηιξ
1460 4231 1487 4265 ιι
1505 4221 1532 4268 3.

338 4294 496 4348 Umsobriltr
518 4297 535 4362 †
549 4311 554 4325 ·
568 4297 786 4349 ODALRIOVS·
805 4299 1059 4352 PATAVIENSIS·
1074 4301 1147 4353 EPS.

335 4535 381 4590 14.
440 4550 453 4574 ⁸
470 4557 488 4591 a
506 4542 573 4592 liber
590 4540 638 4592 dor
655 4541 730 4592 Zeila
747 4541 955 4609 naohgetragen.

441 4659 450 4691 ¹
468 4661 609 4729 Hoehlrogl
628 4662 749 4714 ndrdiioh
768 4680 794 4714 r.
808 4665 928 4718 Grtlnau.
