3400 5350
326 417 388 484 154

324 610 408 696 pach
440 620 473 676 et
502 612 570 676 eius
601 632 704 676 uxore
727 608 940 694 Kunigundi⁸
962 632 1021 696 pro
1043 611 1179 676 XXXII
1200 610 1290 677 libris
1313 612 1520 679 denariorum

324 715 455 800 propria
478 714 564 780 bona
580 715 722 801 ipsorum
737 715 770 779 in
785 712 1000 779 Holbrunne¹
1023 716 1083 779 sita
1103 716 1193 781 iuxta
1208 718 1375 802 piscinam,
1398 717 1440 782 ad
1456 740 1519 804 que

325 820 466 905 pertinet
488 821 537 884 ius
558 827 746 905 patronatus
762 818 899 883 ecclesie
914 818 1046 904 ibidem,
1069 818 1132 885 hac
1147 819 1339 905 conditione,
1363 822 1448 908 quod
1464 822 1520 887 filii

325 924 374 988 sui
397 922 499 988 Vlrici
528 932 561 989 et
590 923 729 989 filiarum
758 945 890 989 suarum
913 922 1121 1010 Margarethe
1152 924 1274 991 seilicet
1296 934 1328 991 et
1350 925 1520 1012 Hadwigis

324 1036 402 1092 tuuc
433 1030 616 1114 genitorum
646 1049 744 1113 super
774 1026 862 1092 dicta
885 1030 1056 1114 emptione,
1079 1050 1154 1094 cum
1176 1027 1220 1094 ad
1242 1051 1344 1096 annos
1360 1053 1521 1116 pervene-

324 1132 388 1196 rint
410 1131 620 1216 discretionis,
649 1131 742 1198 nobis
765 1154 822 1197 seu
846 1131 1022 1197 heredibus
1044 1135 1161 1198 nestris
1185 1154 1377 1199 consensum
1399 1137 1521 1220 pariter

325 1244 358 1301 et
378 1257 548 1301 assensum
570 1235 712 1301 debeant
733 1238 889 1301 obtinere.
922 1235 1044 1301 Verum
1067 1238 1093 1301 si
1113 1258 1266 1324 processu
1281 1240 1434 1324 temporis
1449 1260 1519 1324 pre

325 1340 411 1404 fatus
433 1338 509 1404 Otto
539 1340 608 1404 sive
638 1360 722 1404 uxor
752 1341 820 1404 eius
847 1338 995 1425 predicte
1016 1340 1059 1406 ad
1082 1340 1248 1428 querelem
1270 1341 1429 1407 heredum
1451 1364 1521 1407 suo·

325 1465 397 1509 rum
428 1465 486 1508 seu
518 1443 733 1530 quorumlibet
762 1443 898 1510 eliorum
928 1445 1020 1510 iuxta
1042 1446 1118 1510 iuris
1141 1444 1286 1512 ordinem
1307 1445 1395 1512 bone
1417 1446 1521 1533 perdi-

325 1546 432 1614 derint
453 1560 631 1634 prenotata,
654 1548 774 1615 michi·
796 1550 865 1614 sive
889 1552 983 1614 uxori
997 1572 1068 1615 mee
1085 1553 1148 1615 iam
1171 1549 1256 1616 dicte
1271 1573 1329 1617 seu
1344 1550 1520 1618 heredibus

325 1656 406 1720 meis
435 1654 498 1720 LX
526 1654 629 1721 librae
660 1653 867 1719 denariorum
898 1652 1131 1740 persolventur,
1162 1677 1220 1742 pro
1251 1656 1369 1742 quibus
1391 1656 1519 1721 fideius-

326 1779 414 1824 sores
445 1761 589 1824 existunt
619 1759 765 1824 dominus
796 1757 1003 1824 Hademarus
1037 1758 1079 1823 de
1102 1758 1226 1825 Werde
1259 1782 1319 1846 pro
1352 1760 1387 1826 X
1418 1759 1520 1844 libris,

325 1862 472 1929 dominus
495 1862 689 1930 Ohunradus
717 1862 758 1928 de
781 1864 938 1948 Pergase
967 1885 1025 1949 pro
1048 1864 1082 1928 X
1103 1862 1204 1948 libris,
1233 1863 1381 1931 dominus
1404 1864 1521 1930 111111-

327 1967 448 2034 hardus
471 1967 512 2033 de
534 1967 690 2056 Ruspaeh
713 1990 770 2055 pro
793 1968 836 2050 X,
866 1967 1013 2033 dominus
1036 1968 1112 2035 Otto
1134 1967 1177 2033 de
1199 1967 1435 2056 Hiphinsdorf²
1463 1991 1522 2056 pro

327 2070 451 2154 decem,
479 2071 594 2138 Osselo
617 2072 659 2138 de
682 2071 785 2137 Furth
808 2094 867 2158 pro
885 2069 924 2154 V,
953 2071 1163 2137 Leuthwinus
1188 2071 1228 2138 de
1250 2072 1375 2138 Werde
1397 2095 1457 2159 pro
1480 2073 1522 2155 V,

327 2176 456 2243 Ulricus
486 2176 528 2242 de
551 2177 742 2243 Velbrunne
773 2198 830 2263 pro
854 2177 894 2260 V,
925 2175 1057 2242 Ulricus
1088 2175 1129 2242 de
1154 2177 1232 2243 Lir⁸
1254 2199 1312 2263 pro
1336 2177 1377 2242 V.
1423 2178 1521 2244 Hanc

326 2283 423 2348 etiam
446 2281 686 2348 fideiussionem
709 2283 755 2345 sie
778 2280 1021 2366 spopondimus,
1045 2280 1131 2367 quod
1154 2283 1201 2346 sic
1221 2279 1327 2347 dictus
1342 2280 1447 2368 01111)
1464 2305 1523 2348 seu

325 2408 409 2450 uxor
432 2388 500 2451 eius
523 2384 671 2471 predicte
693 2383 1100 2471 hereditatemprelatam,
1123 2395 1158 2450 ut
1181 2384 1302 2450 dictum
1326 2394 1384 2468 est,
1416 2386 1523 2471 perdi-

326 2488 419 2574 derit,
450 2511 493 2553 ex
524 2499 602 2554 tunc
629 2498 703 2576 post
730 2510 876 2554 mensem
904 2490 1065 2555 civitatem
1087 2489 1305 2555 Viennensem
1327 2488 1520 2556 intrabimus

327 2617 390 2659 non
413 2596 541 2680 exituri,
572 2616 739 2682 quousque
762 2593 929 2659 Hadmaro
957 2616 1016 2659 seu
1039 2595 1133 2658 uxori
1155 2616 1213 2659 sue
1235 2593 1361 2682 prefate
1384 2615 1443 2660 seu
1465 2594 1522 2660 he·

326 2698 458 2766 redibus
488 2702 628 2787 ipsorum
651 2700 716 2766 LX
745 2699 848 2765 libre·
885 2698 1089 2765 denariorum
1119 2699 1351 2787 persolvamus.
1397 2700 1522 2766 Verun-

326 2814 435 2869 tamen
465 2806 492 2869 si
522 2804 663 2891 aliquem
693 2826 736 2869 ex
767 2803 859 2869 nobis
890 2805 977 2869 viam
1008 2805 1178 2869 universae
1211 2806 1317 2870 caruis
1350 2805 1521 2890 eontigerit

328 2911 468 2994 introire,
492 2908 580 2995 quod
602 2908 724 2995 ydem·
748 2907 874 2974 solvere
896 2907 1078 2990 tenebatur,
1102 2909 1347 2994 superviventes
1369 2930 1428 2993 pro
1452 2911 1521 2994 ipso

326 3012 548 3099 persolverint.
579 3013 683 3078 Huius
707 3015 803 3079 etiam
824 3013 993 3098 emptionis
1010 3021 1041 3078 et
1056 3033 1226 3098 processus
1241 3033 1300 3076 nos
1315 3010 1522 3078 fideiussores

326 3127 425 3182 testes
459 3119 635 3182 existimus.
682 3116 836 3182 Preterea
869 3125 968 3182 testes
1001 3126 1089 3181 sunt:
1124 3115 1324 3181 Didmarus⁸
1358 3115 1399 3181 de
1431 3116 1522 3199 Lize,

327 3222 469 3289 Ortolius
493 3223 534 3287 de
550 3221 736 3305 Wilosdori,
759 3222 933 3287 Heinrieus
954 3220 995 3285 de
1010 3219 1278 3301 Bosmbruinna,⁸
1296 3219 1523 3287 Weruhardus

328 3326 368 3392 de
391 3325 547 3411 Eisindal,
572 3324 743 3392 Ounradus
766 3324 969 3409 Lindsarius,
1000 3324 1187 3391 Fridericus
1210 3324 1251 3390 dc
1274 3324 1522 3408 Braitinwcrde,

328 3430 539 3496 Leuthwinus
560 3431 664 3496 iunior
687 3428 727 3495 de
744 3429 925 3513 Sunberch,
948 3430 1133 3496 Hadmarus
1157 3432 1261 3495 iunior
1283 3428 1324 3494 (11
1340 3428 1522 3495 Sunberch.

328 3534 451 3600 Verum
482 3543 517 3599 ut
548 3532 695 3621 predicta
729 3532 839 3599 debite
872 3534 1031 3599 firmitatis
1064 3533 1165 3600 robur
1197 3532 1371 3617 obtineant,
1406 3533 1523 3599 eadem

328 3637 439 3724 sigillis
469 3637 671 3704 dominorum
694 3637 853 3704 Hadmari
884 3638 925 3703 (11
948 3637 1083 3721 Werde,
1114 3636 1259 3703 Cunradi
1289 3636 1330 3703 de
1353 3637 1523 3721 Pergawe,

328 3741 527 3809 Wernhardi
558 3741 599 3807 de
621 3742 787 3830 Ruspach,
810 3743 936 3808 Ottonis
960 3742 1000 3808 de
1023 3740 1261 3829 Bupbusdorf⁸,
1290 3739 1318 3804 F
1320 3739 1451 3806 riderici
1482 3740 1523 3806 de

329 3845 502 3911 Raschinlo
526 3847 763 3913 confirmamus.
799 3848 884 3913 Acta
907 3857 982 3913 sunt
1003 3846 1065 3912 hec
1086 3848 1120 3912 in
1143 3844 1343 3913 Gelansdorf
1360 3867 1447 3911 suno
1470 3844 1523 3910 do

329 3952 406 4016 mini
428 3950 644 4018 MCCLXIX.

329 4229 393 4285 lou.
433 4241 447 4265 ⁸
465 4231 496 4281 B.

433 4368 443 4400 ¹
462 4368 726 4428 ouer-Heluorum,
738 4368 770 4417 V.
782 4367 815 4418 U.
826 4368 862 4417 Μ.
876 4368 906 4418 Β.
926 4394 958 4403 -
977 4364 989 4397 ²
1006 4368 1077 4419 suu
1088 4366 1293 4432 Hipples'nsdorf
1301 4366 1383 4418 heuts
1396 4367 1520 4433 Hippers

329 4456 395 4508 dori.
424 4485 456 4493 —
482 4453 494 4485 ⁸
512 4455 615 4507 Beruht
636 4455 686 4507 anf
704 4456 793 4506 einem
810 4453 948 4505 Versehen
971 4453 1017 4505 des
1035 4453 1171 4520 copisten,
1194 4454 1310 4505 welcher
1327 4455 1421 4504 weiter
1438 4458 1520 4504 untsn

331 4544 392 4595 Line
412 4543 536 4594 schreibt.
