3400 5350
1282 422 1347 488 483

155 612 216 678 daz
240 610 292 676 die
313 610 394 677 rede
415 611 557 699 hynfuer
579 611 647 677 also
670 620 732 677 stet
751 612 820 678 und
835 613 1100 680 untnebrochhen
1115 613 1252 698 beleibe,
1276 613 1346 680 dar-

153 714 236 780 uber
258 736 293 779 so
316 714 424 800 geben
446 718 525 780 wier
546 739 591 803 yn
615 715 681 781 den
702 716 790 802 prief
807 740 848 782 nu
871 720 962 783 einer
982 740 1074 783 vvarn
1096 717 1265 783 urehunde
1288 717 1348 784 der

154 818 275 885 saehhe
313 819 508 905 versigelten
545 822 602 886 mit
637 841 759 886 unsern
798 820 1041 907 anhangunden
1082 821 1229 909 insigeln.
1277 823 1348 889 Der

154 924 276 990 sachhe
305 923 374 990 und
404 923 463 989 der
491 923 571 989 rede
601 926 643 990 ist
671 925 757 991 auch
787 948 891 1011 zeugo
919 948 1018 992 unser
1048 935 1141 992 veter
1163 925 1267 992 Alber
1288 926 1349 993 der

155 1028 420 1116 Chyrichperger
449 1028 517 1095 und
539 1028 674 1095 Vlreich
696 1028 756 1095 der
777 1029 1045 1096 Golrkenddrffer
1072 1033 1131 1096 mit
1155 1029 1207 1098 iin
1228 1032 1347 1097 anban·

153 1134 287 1220 gunden
316 1133 454 1220 insigeln
484 1156 526 1199 an
556 1133 632 1199 dem
661 1137 949 1221 gegenvvuertigen
970 1135 1063 1221 prief.
1108 1136 1180 1201 Der
1202 1136 1289 1222 prief
1307 1139 1349 1202 ist

154 1238 263 1326 geben
292 1238 379 1305 nach
400 1238 556 1326 Chrystm
585 1238 752 1325 gepuerde
782 1239 865 1305 uber
888 1240 1093 1306 dreuczehen
1115 1240 1258 1308 hundert
1272 1236 1347 1328 ¹jare

155 1343 301 1411 dimach
322 1347 356 1409 in
371 1343 447 1410 dem
462 1346 532 1409 vier
546 1343 614 1410 und
628 1343 856 1432 funtttkysten
866 1346 940 1432 jare
955 1369 996 1412 an
1013 1345 1115 1411 sande
1131 1347 1346 1434 Mertentage.

256 1522 277 1572 1.
296 1519 321 1571 S.
334 1520 360 1571 d.
373 1519 484 1588 Pilgrim
496 1520 543 1572 des
555 1519 735 1571 Sitnendorfer
747 1520 823 1582 tund,
836 1521 987 1587 ungefarbt,
999 1520 1070 1572 ΝΔ
1085 1524 1101 1571 2
1116 1519 1166 1590 (nr.
1177 1523 1225 1573 521
1247 1521 1273 1574 S.
1285 1520 1347 1588 111).

155 1635 187 1645 -
207 1609 252 1660 v1.
272 1608 298 1661 Β.
311 1608 336 1660 d.
349 1608 445 1660 Ulrich
463 1609 509 1660 dea
527 1608 735 1676 Goggendorfer,
754 1608 932 1660 Bruchsttlck.

198 1836 273 1904 537.
1026 1841 1109 1899 1355
1124 1843 1236 1901 tamor
1253 1842 1303 1899 11.

153 2028 219 2094 Aba
240 2027 412 2094 Friulrtod
437 2027 507 2093 aad
533 2028 590 2093 der
613 2027 752 2096 Ocuocnt
772 2048 833 2093 voa
856 2027 1083 2094 (lber-Attaioi
1102 2027 1268 2094 sobliessm
1289 2029 1349 2094 mit

300 2134 371 2198 derra
393 2132 492 2216 Setae
514 2130 667 2217 Grittweip
689 2134 780 2199 cireen
802 2131 1199 2217 Verbrttderuoqsoertrop.

257 2326 331 2393 Orig.
344 2323 408 2394 (a),
424 2326 502 2393 Perg.
532 2327 606 2378 Zvvei
623 2325 712 2394 Siegel
730 2342 766 2378 an
783 2326 997 2393 Perg.-Streifen.

257 2500 297 2564 In
319 2500 447 2564 nomine
471 2497 605 2583 domini3
628 2521 733 2564 amen.
765 2498 833 2563 Nos
848 2498 1035 2564 Fridericus
1051 2498 1103 2565 dei
1118 2502 1230 2586 gracia
1244 2498 1348 2564 abbas

154 2605 338 2670 monasterii
367 2604 470 2669 sancti
497 2604 586 2668 Petri
615 2605 649 2668 in
677 2602 842 2691 Superiori
864 2602 992 2687 Altach,
1022 2604 1123 2669 frater
1153 2602 1348 2670 Obunradus

153 2712 241 2798 prior
262 2720 412 2796 totusque
436 2717 614 2775 conventus
637 2708 761 2774 ibidem
783 2708 904 2774 ordinis
927 2711 1030 2775 sancti
1053 2708 1222 2775 Benedicti
1245 2709 1347 2774 Ratis·

154 2815 304 2901 ponensis
335 2813 484 2901 dyocesis
512 2821 660 2878 constare
687 2812 836 2878 volumus
858 2814 1018 2879 universis
1040 2816 1203 2901 presentia
1224 2815 1348 2899 inspec-

154 2921 244 3002 turis,
275 2916 362 3004 quod
391 2939 450 2982 nos
480 2919 624 2982 unanimi
654 2917 784 2982 oonsilio
816 2925 848 2982 et
875 2939 1133 2983 consensurum
1155 2919 1348 2983 monasterio

155 3031 265 3088 sancte
288 3022 393 3088 Marie
415 3025 447 3087 in
471 3021 638 3088 Ohdtvvico
661 3021 807 3087 eiusdem
830 3021 951 3087 ordinis
973 3022 1175 3087 Pataviensis
1199 3020 1348 3108 dyocesis

154 3127 386 3193 fraternitatem
409 3137 442 3193 et
464 3129 659 3192 consortium
683 3126 876 3192 contrahere
899 3128 1076 3213 cupientes,
1103 3134 1139 3190 ut
1161 3134 1270 3191 nostra
1298 3147 1348 3190 ec·

155 3231 253 3298 elesia
283 3255 357 3297 cum
389 3232 505 3297 eodem
536 3234 729 3298 monasterio
759 3254 819 3319 per
848 3231 990 3297 fraterne
1021 3232 1162 3297 caritatis
1188 3230 1294 3296 uelum
1316 3239 1349 3296 et

156 3336 301 3402 divinum
330 3359 474 3403 amorem
502 3345 658 3423 perpetuo
688 3338 844 3421 uniretur,
874 3335 1057 3401 huiusmodi
1087 3335 1287 3401 emulaeione
1317 3344 1349 3401 et

155 3444 321 3507 caritative
349 3441 558 3507 fraternitatis
585 3443 744 3506 consortio
770 3450 917 3526 tempore
940 3439 1066 3506 domini
1082 3441 1231 3527 Dyetrici
1253 3463 1348 3506 vene-

154 3546 264 3612 rabilis
293 3546 420 3615 abbatis
451 3544 597 3611 eiusdem
626 3546 810 3610 monasterii
841 3543 1074 3611 Ohdtvvicensis
1104 3544 1276 3611 salubriter
1304 3547 1348 3609 in-

155 3650 269 3717 choato
300 3652 469 3716 statuimus
499 3660 531 3715 et
561 3652 648 3715 omni
677 3649 862 3715 devocionis
892 3650 1013 3716 affectu
1043 3649 1280 3735 confirmamus,
1313 3658 1349 3715 ut

153 3755 271 3821 fratres
298 3753 443 3820 eiusdem
470 3754 608 3820 ecclesie
630 3753 873 3839 Ohbtwioensis,
902 3756 957 3841 qui
984 3776 1058 3818 eum
1084 3753 1184 3819 literis
1207 3756 1256 3819 sui
1278 3776 1348 3840 pre-

152 3860 209 3926 lati
231 3860 421 3926 obedienter
443 3859 486 3925 ad
508 3869 653 3925 nostrum
675 3859 795 3925 fuerint
809 3861 1038 3925 monasterium
1054 3858 1205 3925 destinati
1220 3882 1240 3924 a
1255 3858 1348 3924 nobis

154 3975 319 4051 tamquam
350 3965 466 4030 fratres
496 3964 632 4050 professi
655 3963 797 4050 benigne
819 3964 1018 4049 recipiantur
1039 3962 1170 4051 plenam
1191 3963 1349 4029 habentes

154 4071 402 4156 percepcionem
432 4068 601 4155 prebende
632 4071 666 4134 in
697 4068 845 4134 omnibus
872 4068 1079 4155 generalibus
1102 4078 1135 4133 et
1155 4067 1349 4154 specialibus

154 4174 291 4259 solaciis,
315 4172 587 4261 quemadmodum
609 4172 726 4238 fratres
747 4175 858 4238 nostri.
896 4172 931 4240 si
954 4194 1033 4238 vero
1056 4175 1191 4260 quisque
1212 4173 1349 4238 fratrmn

154 4281 224 4345 sine
253 4280 352 4344 literis
382 4282 432 4345 sui
461 4279 577 4365 prelati
609 4300 708 4344 causa
737 4288 862 4345 tantum
892 4276 1002 4344 solacii
1032 4300 1090 4344 seu
1120 4277 1350 4343 consolacionis

154 4383 198 4450 ad
226 4406 285 4449 nos
315 4386 451 4468 venerit,
474 4405 658 4471 perunum
680 4383 733 4448 vel
756 4382 837 4449 dnos
860 4404 989 4448 menses
1011 4385 1064 4469 pie
1085 4384 1264 4468 recipiatur
1284 4381 1349 4468 ple·

154 4510 231 4554 nam
252 4487 455 4575 prebendam
477 4499 510 4554 et
532 4499 641 4555 cetera
664 4487 783 4554 solacia
804 4497 1027 4575 percepturus.
1065 4486 1223 4552 Volumus
1247 4489 1349 4552 eciam

155 4602 188 4659 et
209 4595 378 4661 statuimus
400 4617 421 4660 a
442 4593 535 4660 nobis
558 4602 590 4659 et
611 4595 728 4660 nostris
750 4592 993 4659 successoribus
1014 4592 1150 4658 firmiter
1172 4591 1348 4677 observari,

154 4707 191 4765 ut
211 4698 348 4766 fratrum
369 4702 600 4787 premissorum
621 4701 687 4766 iam
709 4700 896 4764 vivencium
918 4720 977 4764 seu
1002 4699 1202 4786 inposterum
1228 4696 1348 4763 futuro·

1143 4804 1194 4854 31*
