3400 5350
325 376 390 444 804

324 568 444 635 halben
474 568 534 633 hof
558 567 704 634 verlihen
734 567 802 633 und
832 567 938 634 leihen
969 567 1053 633 auch
1083 565 1298 633 wissentleich
1326 568 1385 631 mit
1417 564 1529 629 disem

325 674 412 739 brief
435 673 512 758 also,
542 672 604 738 daz
628 695 663 738 er
685 672 753 737 und
776 674 845 737 sein
869 672 970 738 orben
993 672 1057 737 den
1079 694 1124 759 ny
1147 671 1275 736 furbass
1298 692 1368 753 uns,
1400 691 1530 734 unsern

325 777 471 845 brhdem
492 777 561 844 und
584 777 684 844 orben
709 780 741 843 in
762 777 952 843 lehensweis
967 776 1145 863 ynnhaben
1167 798 1293 842 nuczen
1308 773 1376 840 und
1391 776 1529 839 niessen

327 882 440 968 sullen,
464 881 512 948 als
535 881 647 949 lehens
669 882 736 948 und
759 880 967 947 landesrecht
987 885 1029 947 ist
1050 903 1195 969 angever
1214 882 1273 946 mit
1294 877 1428 945 urkund
1450 878 1528 942 diez

326 986 434 1054 briefs.
481 987 598 1054 Geben
625 1010 663 1053 ze
686 988 805 1053 Wienn
835 1010 878 1052 an
908 991 1040 1074 mentag
1070 986 1154 1052 nach
1184 995 1257 1051 sant
1278 984 1529 1068 Anthonientag

327 1092 413 1160 nach
435 1092 531 1159 Otisti
552 1092 700 1178 gebarde
722 1091 915 1158 vierczehen
938 1091 1081 1157 hundert
1097 1092 1179 1178 jare.

432 1269 458 1321 S.
476 1268 501 1320 dt
517 1270 653 1337 Heraoges
671 1268 799 1320 Wilhehn
819 1268 982 1335 beschhdigt,
1001 1269 1059 1320 roth
1077 1268 1127 1320 auf
1142 1267 1276 1330 Schiissel,
1292 1267 1361 1318 Abb.
1377 1267 1423 1318 bei
1441 1266 1532 1329 Sava,

329 1357 419 1425 Sisgel
437 1356 461 1411 d.
475 1358 624 1424 Rogantes,
642 1356 733 1408 &130
751 1356 809 1422 Εἰς.
824 1358 866 1407 tt.

372 1583 450 1651 891.
1168 1583 1207 1666 [a.
1227 1583 1324 1666 14⁰⁰]
1339 1588 1483 1646 Februa.

411 1774 609 1841 Bruchstttck
632 1777 715 1841 eines
737 1775 1130 1841 Notariotsc'nstrumentes
1151 1775 1228 1841 tiber
1250 1775 1302 1839 die
1324 1773 1444 1840 Kircte

678 1901 719 1945 aa
741 1880 789 1946 St.
806 1879 976 1945 Leoahord
997 1901 1050 1945 am
1072 1880 1177 1947 Forat.

435 2054 507 2122 orig.
521 2054 576 2122 (Α),
594 2056 670 2124 Perg.
701 2055 883 2123 thgesiegel
901 2055 1062 2121 abgefallen.

436 2177 517 2229 Diese
535 2175 665 2229 Urkunde
688 2192 744 2228 war
765 2177 806 2229 als
829 2177 974 2229 Deokblatt
995 2178 1024 2228 in
1047 2178 1126 2228 einen
1148 2175 1237 2228 Codex
1259 2175 1447 2243 eingebunden
1471 2176 1534 2225 und

332 2266 366 2316 ist
383 2264 467 2316 durch
485 2265 565 2315 einen
583 2263 694 2315 rechten
712 2263 910 2315 Hohcnschnitt
928 2264 1118 2315 verstflmmelt.

335 2592 732 2608 .............
756 2541 838 2606 dixit
868 2564 932 2607 non
961 2541 1201 2629 procedendum
1229 2551 1362 2628 propter
1383 2561 1532 2625 compro

333 2649 467 2713 missum
497 2647 540 2714 ad
570 2646 774 2735 probandum
796 2646 878 2735 pred
902 2695 1528 2715 ....................

336 2803 700 2819 ............
724 2754 958 2839 possessionem
980 2753 1106 2840 prefate
1129 2752 1266 2818 ecclesie
1289 2753 1399 2820 Sancti
1421 2751 1529 2817 Leon·

286 2858 287 2861 ’
334 2857 430 2925 hardi
456 2860 489 2923 in
512 2858 646 2924 Forento
677 2857 718 2924 de
748 2857 811 2923 hac
835 2907 1527 2926 ......................

338 3014 600 3030 .........
625 2985 669 3028 ex
698 2986 763 3028 una
793 2972 826 3029 et
857 2964 1052 3030 honorabilis
1074 2965 1125 3029 vir
1147 2966 1301 3050 magister
1321 2961 1461 3030 Matluas
1485 2961 1528 3026 de

336 3068 469 3136 Walsee
491 3070 525 3134 in
547 3067 669 3133 artibus
692 3070 846 3155 magister
869 3115 1526 3136 .....................

338 3222 640 3239 ..........
663 3183 852 3238 revocatum
875 3183 908 3239 et
929 3182 1006 3239 tunc
1038 3172 1142 3239 dictus
1164 3175 1317 3259 magister
1338 3172 1528 3258 procuracio

336 3277 422 3344 non*
436 3328 605 3343 ......
630 3276 717 3344 dicta
738 3299 812 3343 cum
835 3327 1527 3345 ......................

338 3431 573 3450 ........
596 3381 640 3448 ad
663 3382 836 3452 dicendum
860 3393 972 3450 contra
994 3386 1161 3449 statuimus
1184 3392 1427 3470 competentem,
1454 3381 1528 3447 sub·

338 3496 491 3574 sequetur
521 3510 630 3575 comp·
643 3537 1527 3555 ............................

337 3592 475 3660 Paulum
491 3602 524 3659 et
539 3593 780 3679 sigismundum
803 3596 1150 3660 excommunicacionis
1172 3597 1364 3660 sententiam
1378 3592 1530 3658 incidisse

338 3720 397 3785 pro
420 3720 468 3782 eo,
496 3701 571 3785 quia
593 3720 651 3784 pro
676 3746 1528 3765 ...........................

338 3812 504 3889 tamquam
526 3811 751 3890 procuratores
773 3802 932 3868 habentes
954 3802 997 3868 ad
1019 3802 1081 3870 hoc
1104 3802 1292 3869 mandatum
1307 3803 1470 3869 sufficiens
1484 3800 1530 3865 ab

338 3910 407 3994 ipso
431 3958 1253 3974 ..........................
1277 3929 1354 3973 vero
1377 3907 1530 3992 magister

339 4011 479 4080 Mathias
501 4013 629 4080 nomine
651 4010 797 4099 predicto
820 4011 952 4078 eosdem
974 4034 1039 4078 non
1061 4012 1186 4078 admitti
1205 4022 1274 4078 tum
1295 4014 1401 4079 instas
1424 4063 1432 4077 .
1456 4063 1462 4076 .
1487 4062 1495 4075 .
1522 4063 1529 4076 .

341 4167 1034 4183 ......................
1058 4118 1215 4202 [in]terim
1248 4119 1417 4183 statuimus
1446 4138 1530 4180 com·

340 4230 461 4308 petcre,
483 4223 517 4287 in
540 4243 602 4308 quo
626 4221 757 4308 quidem
779 4224 916 4290 termino
939 4232 1209 4308 comparaverunt
1232 4271 1531 4288 ..........

342 4376 836 4391 ................
859 4337 1024 4394 emanatas
1047 4325 1111 4411 legi
1132 4327 1218 4412 fecit,
1241 4326 1299 4392 sed
1323 4325 1453 4392 easdem
1475 4336 1534 4390 aut

342 4584 405 4642 891.
444 4598 457 4623 ·
474 4588 568 4641 Lilcke
585 4587 644 4640 hier
661 4589 716 4640 und
734 4589 874 4641 weiterhin
891 4589 993 4657 infolge
1011 4590 1058 4642 der
1076 4590 1309 4657 Verstttmmelung
1326 4588 1374 4641 der
1391 4589 1535 4643 Urkunde.

342 4704 376 4712 —-
394 4677 407 4710 '²
425 4675 508 4727 durch
526 4678 572 4729 ain
589 4676 664 4729 Looh
682 4683 801 4730 mraort.
