3400 5350
1318 383 1377 447 167

181 575 299 635 iterum
321 574 496 656 resumpsit
518 580 550 635 et
572 572 727 636 offensam
751 571 970 658 supradictam
992 574 1190 656 integraliter
1211 573 1379 639 relaxavit.

182 676 227 740 Et
242 698 302 759 ego
317 677 390 739 vice
411 697 508 740 versa
523 675 565 740 ad
582 698 692 741 omnes
713 686 745 741 et
759 676 902 761 singulas
918 676 1176 762 observaciones,
1193 700 1273 764 quas
1289 687 1381 763 pater

183 801 275 844 meus
303 779 390 843 dicte
418 777 554 843 ecclesie
582 802 713 844 servare
741 782 941 866 promiserat,
970 803 1021 845 me
1050 781 1156 846 denuo
1178 781 1380 866 presentibus

183 882 289 967 obligo
313 892 345 946 et
367 885 523 967 astringo:
546 885 649 969 primo
665 883 795 969 quidem
811 894 835 947 si
850 893 927 948 ultra
942 893 1005 948 iura
1027 884 1255 950 advocacionis
1271 885 1381 950 debite

184 997 216 1052 et
237 996 357 1052 statuta
380 1008 441 1052 nec
464 1009 529 1052 non
550 988 755 1074 presentibus
778 997 926 1071 annota·,
949 1015 1005 1068 que
1020 1003 1212 1053 antecessores
1228 999 1292 1067 mei,
1309 1015 1380 1053 avus

183 1099 319 1157 videlicet
333 1105 363 1155 et
376 1105 460 1171 pater
475 1091 517 1156 ab
541 1094 672 1177 antiquo
695 1101 869 1157 tenuerunt
890 1094 923 1156 in
952 1091 1077 1175 eadem,
1105 1101 1221 1157 colonos
1241 1099 1272 1155 in
1295 1103 1380 1158 advo-

182 1204 301 1259 caeione
315 1204 473 1259 residentes
495 1198 527 1260 in
551 1198 645 1261 unico
660 1222 782 1276 gravare
797 1221 1005 1276 presumpsero,
1022 1206 1059 1259 ab
1075 1206 1152 1261 omni
1168 1205 1239 1275 iure,
1257 1207 1333 1276 quod
1350 1207 1380 1260 in

183 1308 247 1380 ipsa
263 1298 381 1364 miehil
408 1300 714 1386 successoribusque
744 1302 824 1365 meis
848 1302 1009 1385 competit,
1040 1310 1141 1365 cadere
1164 1310 1262 1378 debeo,
1294 1301 1380 1387 quod

183 1404 226 1469 ad
249 1412 336 1468 terre
352 1406 531 1489 principem
545 1408 672 1490 penitus
688 1403 878 1469 devolvetur
892 1414 1057 1491 tamquam
1072 1404 1173 1470 libere
1189 1406 1379 1471 absolutum.

183 1508 339 1573 Preterea
362 1530 565 1594 quecumque
588 1508 630 1573 ab
654 1508 792 1573 eeclesia
807 1507 1022 1574 Chotvvicensi
1041 1531 1244 1595 quocumque
1259 1510 1381 1596 tytulob

183 1622 288 1690 teneo,
313 1621 388 1676 sunt
408 1611 554 1677 absoluta
578 1611 714 1676 ecclesis
736 1615 805 1697 ipso
828 1613 924 1677 facto.
962 1620 1036 1676 Sunt
1051 1627 1146 1677 autern
1161 1621 1213 1677 hec
1228 1622 1301 1692 iura,
1318 1637 1380 1701 qne

183 1716 300 1781 miehil
317 1725 512 1801 competunt,
528 1731 557 1780 et
571 1742 630 1779 non
645 1725 734 1780 ultra:
751 1724 885 1781 videlicet
896 1729 1020 1796 quatuor
1034 1725 1121 1780 modii
1133 1743 1224 1781 avens
1239 1731 1268 1781 et
1279 1744 1381 1783 novem

185 1820 340 1899 metreta*
357 1845 406 1884 sex
420 1828 503 1883 solidi
519 1829 700 1884 denariorum
716 1833 746 1883 et
768 1830 823 1883 duo
847 1829 967 1898 denarii,
991 1828 1063 1899 pulli
1086 1829 1182 1884 decem
1202 1835 1231 1884 et
1253 1843 1380 1886 novem.

184 1923 240 1989 Ad
263 1924 326 1989 hec
350 1934 385 1988 de
408 1933 488 1987 curia
511 1923 643 2010 plebani
672 1934 750 2010 aput
772 1923 928 1989 Sanctum
955 1925 1085 1989 Vitum³
1111 1934 1258 1989 solventur
1277 1926 1381 1989 michib

184 2027 413 2093 universaliter
428 2038 460 2092 et
470 2037 501 2090 in
516 2042 576 2091 toto
592 2037 785 2109 quadraginta
800 2040 919 2092 metreta
934 2036 1066 2108 siliginis,
1083 2054 1158 2092 unus
1169 2055 1271 2108 porcus
1284 2039 1382 2094 melior

183 2147 250 2214 post
264 2142 414 2214 optimum.
444 2131 476 2196 A
498 2132 636 2218 plebano
659 2133 770 2197 Sancti
800 2133 867 2196 Viti
896 2131 1012 2196 nichilb
1043 2142 1237 2218 extorquere
1267 2133 1380 2218 debeo,

183 2240 246 2303 nisi
270 2240 302 2301 in
328 2235 445 2322 quibus
468 2259 502 2301 se
525 2236 622 2301 michi
646 2236 796 2301 obtulerit
811 2245 989 2322 spontanea
1002 2237 1175 2302 voluntate.
1229 2237 1382 2303 Ceterum

185 2341 442 2427 qualescumque
473 2362 627 2406 excessus
657 2363 743 2427 pena
773 2341 862 2425 digni
884 2344 967 2406 inter
994 2341 1122 2406 colonos
1146 2342 1282 2408 ecclesie
1313 2365 1381 2429 per·

185 2447 302 2531 petrati
326 2445 454 2528 fuerint,
478 2455 532 2508 due
553 2459 649 2526 partes
672 2454 791 2508 emendo
812 2454 848 2508 ad
869 2453 1014 2508 dominum
1034 2454 1177 2525 abbatem,
1194 2457 1231 2510 ad
1252 2473 1295 2511 me
1315 2474 1382 2513 vero

184 2559 275 2614 tercia
290 2557 455 2630 pertinebit.
486 2550 652 2614 Extranee
668 2571 746 2613 vero
761 2571 899 2635 persone
922 2572 980 2613 seu
996 2550 1133 2630 advene,
1158 2553 1184 2615 si
1200 2551 1382 2616 hominibus

185 2653 325 2720 ecclesie
347 2677 525 2740 gravamen
548 2665 604 2719 aut
622 2653 806 2720 violentiam
822 2654 994 2739 intulerint,
1018 2655 1060 2719 ad
1077 2678 1129 2720 me
1145 2678 1229 2742 pena
1246 2666 1278 2720 et
1293 2658 1381 2721 satis·

184 2759 291 2824 saccio
320 2758 519 2843 integraliter
547 2759 761 2845 pertinebunt.
811 2767 934 2839 Insuper
956 2769 980 2822 si
1004 2759 1099 2845 eulpa
1128 2783 1202 2825 mea
1231 2763 1382 2846 exigente

186 2873 287 2945 predia
302 2872 421 2928 ecclesie
437 2863 641 2928 Chritwicensis
664 2863 807 2928 desolata
836 2864 956 2928 fuerint
983 2864 1036 2929 vel
1063 2875 1215 2948 cremata,
1246 2876 1383 2951 quatuor

187 2994 229 3036 ex
252 2968 515 3034 ministerialibus
530 2969 672 3052 Austris,
684 2977 733 3048 qui
749 2977 905 3032 consiliarii
921 2976 1029 3031 fuerint
1043 2977 1180 3049 principis
1194 2979 1290 3053 terre,
1306 2968 1382 3033 hine

187 3075 262 3139 inde
286 3073 445 3138 debemus
467 3076 628 3159 utrimque
644 3072 773 3157 eligere,
797 3082 834 3135 ad
849 3098 969 3151 quorum
984 3081 1134 3135 eonsilium
1150 3072 1291 3158 dampna
1307 3073 1383 3137 data

186 3194 285 3244 teneor
308 3179 477 3243 resarcire.
516 3184 545 3241 si
565 3198 644 3241 vero
664 3204 715 3258 pro
735 3185 862 3257 generali
884 3190 957 3240 terre
977 3185 1145 3240 necessitate
1165 3186 1194 3239 in
1218 3185 1383 3241 civitatibus

188 3293 219 3347 et
238 3283 320 3348 loeis
343 3281 480 3367 publicis
495 3289 581 3345 fuerit
596 3290 741 3361 expedicio
763 3289 948 3361 proclamata,
965 3294 1089 3344 steuram
1108 3283 1141 3345 in
1164 3279 1383 3346 advoeaeione

188 3410 260 3453 mea
275 3395 405 3467 recipere
420 3394 509 3449 debeo
526 3385 567 3450 ab
584 3385 766 3450 hominibus
779 3394 1014 3469 competentem
1030 3394 1152 3449 discreto
1168 3400 1263 3449 tamen
1275 3395 1383 3450 domini

189 3501 303 3557 abbatis
326 3499 433 3554 nuncio
456 3499 608 3554 mediante.
639 3499 774 3554 Preterea
793 3499 823 3552 in
846 3490 1162 3569 recompensationem*
1184 3500 1381 3571 dampnorum,

189 3623 243 3677 que
269 3604 398 3677 predicte
424 3603 542 3659 ecclesie
567 3596 600 3658 in
628 3593 743 3659 eadem
769 3593 988 3658 advocacione
1019 3604 1111 3680 pater
1140 3617 1231 3659 meus
1261 3605 1294 3660 et
1322 3619 1382 3681 ego

190 3702 323 3766 fecimus
346 3699 471 3784 absque
486 3701 566 3781 iure,
583 3713 738 3777 vecturam,
755 3724 840 3777 quam
857 3707 1006 3762 annuatim
1023 3701 1216 3763 extorsimus
1228 3699 1270 3764 ab
1286 3700 1382 3765 homi·

191 3807 281 3871 nibus
305 3805 491 3869 memoratis
514 3825 584 3888 ego,
608 3802 882 3889 quemadmodum
905 3806 1036 3888 etipse,
1060 3815 1215 3889 perpetuo
1237 3804 1383 3869 relaxavi

192 3913 379 3996 promittens
404 3908 505 3973 dictos
528 3908 673 3973 homines
698 3909 881 3973 curatione
905 3910 937 3972 in
960 3918 1125 3994 posterum
1151 3930 1213 3972 non
1242 3911 1381 3993 gravari.

192 4022 230 4079 Ut
244 4029 339 4079 autern
355 4023 407 4077 hec
423 4028 488 4077 aeta
502 4021 589 4076 robur
603 4021 730 4076 habeant
744 4022 901 4098 perpetue
916 4020 1067 4091 firmitatis,
1084 4027 1244 4092 presentem
1259 4022 1384 4076 litteram

194 4146 250 4183 nee
272 4142 313 4183 ae
348 4117 470 4182 domini
499 4117 624 4183 Ottonis
655 4117 696 4181 de
724 4116 863 4201 Hasloiv,
895 4126 972 4181 tunc
1005 4116 1119 4181 iudicis
1149 4116 1317 4201 generalis,
1352 4126 1384 4180 et

197 4361 254 4419 164.
294 4377 307 4400 ·
324 4370 390 4416 stati
407 4368 537 4414 annotata.
557 4392 589 4399 —
607 4363 621 4395 ¹²
638 4363 669 4413 A.

290 4486 414 4540 ⁸Ueber
439 4486 483 4537 die
509 4485 610 4537 Kirche
632 4501 665 4535 zu
692 4485 729 4535 St.
751 4485 813 4536 Veit
836 4501 860 4535 a.
877 4485 903 4535 d.
920 4485 1018 4536 Gelsen
1042 4484 1177 4535 vermerkt
1201 4483 1248 4533 der
1266 4483 1330 4534 Cod.
1344 4485 1384 4534 111

200 4572 283 4624 Patav.
296 4573 448 4625 Lonsdorf.t
468 4576 526 4624 item
548 4569 724 4624 etuwtoema
740 4573 874 4637 cortfenmt
892 4573 1019 4623 ecclesiam
1032 4571 1121 4623 Sancti
1134 4570 1184 4622 Vsa·
1195 4574 1269 4621 iacta
1283 4571 1384 4622 Heben·

199 4659 290 4727 rtoetffe,
305 4661 350 4713 sed
361 4660 467 4727 fundus
484 4668 519 4712 ert
536 4663 647 4727 episcopi
665 4667 687 4711 et
705 4663 825 4725 ipsoram,
