3400 5350
1196 507 1199 510 ἦ
1279 418 1301 484 5

138 608 172 658 ihr
185 608 249 660 Sohn
266 609 331 661 Grai
347 578 486 661 Friedrich
497 610 545 661 llL
564 627 617 661 von
635 611 735 677 Boron,
758 613 891 679 Domrogt
913 628 966 662 von
984 611 1167 679 Regemburg,
1188 611 1301 663 macheu

137 711 164 746 au
182 696 360 748 rcrsclriedene
382 696 462 748 Stiite
483 697 680 765 Schenkungen
703 714 751 750 aus
773 698 833 749 dem
857 700 886 750 in
908 699 982 750 Rede
1004 698 1150 750 stehenden
1171 698 1300 751 Allodial·

135 783 225 833 besitre.
258 783 292 834 So
313 784 443 834 sebenkts
464 784 611 835 Liutkarde
633 785 694 837 dem
715 785 795 837 Stilte
816 786 853 837 St.
871 784 999 836 Nicolaus
1025 787 1069 836 bei
1093 786 1193 836 Passau
1220 786 1300 837 einen

136 869 182 918 Hol
196 870 223 919 in
239 869 399 936 Grintdorph
417 870 489 937 apud
507 870 627 922 chambe
648 872 703 922 und
725 874 741 921 3
759 872 852 922 Hufen
872 872 901 922 in
918 871 1112 922 Hohenwartiu
1130 871 1300 938 (0.·0esterr.

134 955 270 1008 llrk.·Bnch
285 958 307 1019 1,
325 958 377 1007 ⁶44
395 973 435 1008 nr.
448 958 501 1024 68),
524 958 585 1008 dem
603 957 681 1009 Stifte
698 954 849 1009 Formbach
866 960 888 1008 41
901 958 994 1009 Hufen
1012 959 1040 1009 in
1059 958 1237 1010 Haitrcndort
1258 974 1301 1010 am

133 1042 206 1109 llamp
222 1043 388 1110 (0.·0esterr.
407 1045 561 1097 Urlu·Buclr
577 1047 600 1108 1,
617 1048 668 1096 646
690 1063 730 1098 nr.
747 1045 802 1112 64),
823 1047 950 1098 ulhrend
972 1046 1015 1097 ihr
1036 1046 1109 1097 Solm
1127 1046 1195 1098 Grai
1210 1046 1300 1096 Fried-

133 1129 232 1182 richlIL
250 1148 301 1183 von
319 1133 412 1199 Bcgen
428 1132 490 1183 dem
508 1132 586 1185 Stifte
604 1132 720 1184 Admont
732 1132 880 1199 (Wichner,
897 1133 1046 1194 Admontl,
1066 1131 1150 1199 101f.)
1167 1132 1222 1183 und
1240 1134 1301 1184 dem

132 1216 197 1269 stne
213 1219 408 1271 Niedcraltaich
427 1220 606 1287 Besitaungen
625 1221 653 1271 in
671 1219 848 1272 Haitaendort
863 1221 933 1272 nahe
950 1221 1022 1272 beirn
1040 1221 1127 1288 Kamp
1145 1219 1301 1272 auweudete

131 1302 206 1369 (drch.
218 1305 235 1356 f.
247 1307 279 1358 K.
293 1313 385 1358 ostem.
399 1307 493 1359 Gesoh.
506 1308 528 1369 1,
545 1307 643 1369 Hosti,
662 1306 717 1373 40).

215 1497 373 1563 Noverint
401 1519 511 1563 omnes
540 1500 574 1563 in
596 1497 723 1564 Christo
752 1497 875 1583 fideles,
907 1497 1044 1586 qualiter
1073 1521 1181 1564 comes
1204 1470 1299 1567 ddal-

128 1602 200 1666 ricus
228 1604 334 1668 omnia
363 1602 449 1668 bona
478 1624 546 1686 sua,
577 1601 692 1690 predia
722 1626 797 1669 oum
818 1605 986 1690 mancipiis
1009 1602 1095 1670 culta
1117 1613 1149 1669 et
1170 1604 1299 1690 inculta,

128 1726 180 1790 que
205 1708 273 1793 ipse
303 1716 381 1772 tuno
410 1709 563 1794 temporis
585 1709 655 1772 iure
676 1707 869 1774 hereditario
891 1707 1078 1794 possidebat
1100 1718 1132 1774 et
1154 1730 1217 1795 que
1239 1710 1300 1775 sibi

128 1820 225 1894 postea
245 1835 265 1878 a
286 1812 477 1899 parentibus
499 1814 531 1876 in
549 1811 762 1878 hereditatem
776 1814 948 1899 pervenire
964 1811 1154 1899 debuerant,
1176 1813 1300 1880 idoneis

127 1913 363 1982 subintroductis
394 1915 527 1982 testibus
549 1916 706 1995 Mathildo
728 1919 822 1982 uxori
844 1938 902 1994 suo
923 1916 1047 2004 absque
1070 1919 1156 1985 omni
1178 1928 1301 1985 contra-

128 2016 250 2085 dictione
276 2023 311 2086 in
338 2023 503 2107 proprium
529 2021 651 2106 legavit
676 2030 708 2086 et
734 2021 806 2086 filiis
830 2043 951 2107 eorum,
981 2043 1060 2108 quos
1082 2033 1300 2110 procrearent,

125 2124 148 2187 si
171 2133 273 2190 autem
301 2124 383 2190 filios
410 2148 474 2191 non
503 2124 661 2191 haberent
691 2135 724 2191 et
750 2127 777 2190 si
798 2124 853 2190 illa
875 2128 1100 2213 supervixerit,
1131 2149 1230 2214 super
1251 2127 1301 2192 his

126 2225 205 2293 bonis
232 2229 421 2316 possidendi
449 2229 502 2295 vel
530 2229 697 2316 quodlibet
717 2230 858 2295 faciendi
880 2229 1016 2296 liberam
1039 2229 1192 2318 deinceps
1214 2242 1300 2318 pote-

126 2341 226 2399 statem
240 2333 388 2399 haberet.
418 2334 542 2400 Horum
565 2356 642 2420 ergo
665 2334 821 2400 bonorum
844 2356 969 2401 summa
990 2334 1063 2401 fuit:
1090 2335 1301 2402 Hohinwarta

126 2457 188 2503 oum
215 2441 333 2505 ceteris
361 2438 520 2523 omnibus,
550 2460 614 2527 que
639 2441 673 2504 in
701 2439 846 2505 orientali
869 2449 960 2527 parte
982 2463 1003 2505 a
1024 2440 1212 2527 parentibus
1235 2443 1300 2507 suis

124 2538 231 2627 habuit,
259 2552 294 2609 et
317 2542 464 2609 Chamba
490 2565 565 2609 cum
590 2545 656 2609 suis
678 2543 889 2631 appendiciis,
921 2542 1007 2631 quod
1031 2543 1210 2610 decadem
1232 2546 1300 2610 Ma-

124 2643 211 2713 thilda
238 2671 344 2716 uxore
374 2670 434 2714 sna
462 2648 584 2734 habuit,
615 2650 667 2714 cui
697 2658 729 2714 et
757 2648 845 2715 idem
866 2651 900 2715 in
922 2649 984 2715 hac
1006 2647 1208 2737 delegatione
1229 2649 1299 2718 red·

124 2749 201 2818 didit.
230 2754 339 2819 Huius
361 2752 539 2819 traditionis
562 2762 660 2819 testes
682 2764 769 2820 sunt:
801 2775 909 2820 comcs
931 2754 1143 2821 Eklrebertus
1166 2766 1199 2821 et
1219 2779 1301 2843 puer

123 2852 329 2924 (lebehardus
351 2879 451 2943 nepos
474 2859 553 2942 eius,
583 2856 713 2924 Raffold
735 2857 777 2922 de
793 2857 942 2925 Wirmila
964 2858 1113 2946 filiusque
1136 2861 1204 2925 eius
1226 2861 1301 2926 Raf-

123 2957 188 3044 fold,
214 2984 321 3047 gener
350 2965 417 3027 eius
440 2961 593 3047 Piligrim,
617 2961 762 3046 Alram,·
792 2962 930 3048 Ratpoto
954 2962 995 3027 de
1017 2962 1299 3050 Musiliskirichen,

123 3061 252 3150 Piligrim
283 3065 327 3131 de
357 3065 445 3151 Grie,
478 3066 644 3152 Heinrich,
677 3066 834 3149 Hartlie,
868 3065 1050 3133 Adalbreth
1077 3066 1119 3132 de
1145 3067 1300 3153 Staheim,

124 3175 222 3244 Tiemo
245 3189 278 3246 et
297 3180 462 3267 Reginger
483 3181 598 3250 milites
622 3179 766 3246 eiusdem
789 3089 943 3265 dietrici,
964 3177 1133 3245 Hadamar
1149 3180 1298 3247 Garulus.

123 3278 296 3349 Secundam
327 3305 405 3351 vero
434 3285 638 3352 traditionem
667 3283 728 3349 sub
757 3283 881 3349 eisdem
909 3285 1139 3370 prenominatis
1165 3285 1300 3351 testibus

122 3389 204 3451 uxori
232 3409 291 3466 suc
313 3388 471 3468 Mathilde
500 3390 702 3456 confirmavit
723 3411 821 3475 super
841 3388 935 3453 bonis
957 3388 1115 3474 omnibus,
1138 3410 1202 3477 quc
1222 3399 1300 3456 tunc

122 3508 138 3550 a
156 3489 250 3557 trane
274 3515 333 3558 suo
357 3494 554 3559 Herimanno
576 3492 634 3558 inl
656 3502 779 3579 partem
802 3501 938 3579 accepta
959 3493 1088 3579 proprie
1111 3491 1247 3559 obtinuit
1269 3505 1301 3561 et

123 3613 177 3679 quc
201 3607 313 3684 postea
335 3596 377 3663 ab
402 3620 440 3663 co
462 3600 494 3663 in
517 3596 694 3663 dividenda
715 3597 895 3662 hereditate
916 3597 949 3661 in
972 3596 1137 3662 Bauuaria
1159 3598 1211 3663 vel
1233 3599 1300 3664 ubi·

122 3718 238 3787 cunque
253 3704 304 3786 sit,
316 3703 486 3789 percipere
501 3701 622 3786 debuit,
634 3711 667 3768 ct
677 3703 865 3767 investitura
880 3701 1133 3766 ministerialium
1149 3704 1299 3786 omnium,

122 3822 192 3887 quos
219 3806 346 3892 prefate
375 3806 569 3872 contradidit
596 3805 763 3889 Mathilde,
793 3805 855 3882 hec
885 3805 957 3870 fuit:
986 3804 1139 3892 Sigiloch,
1168 3806 1298 3892 lrmfrit,

123 3904 228 3993 auu
248 3884 415 3994 banael,
437 3910 519 3996 neu,
541 3909 734 3976 aarum.

124 4077 318 4089 *nn—*—

123 4163 147 4219 4·
214 4183 228 4207 ⁸
246 4162 321 4225 liber
338 4173 386 4224 der
402 4173 477 4225 Zeila
493 4190 547 4224 von
563 4173 676 4225 anderer
693 4172 894 4239 gleichzeitigcr
911 4172 991 4223 Hand
1009 4174 1212 4240 nachgetragen.
1248 4173 1299 4224 Am

122 4253 206 4310 Raude
222 4261 258 4311 ist
274 4277 327 4312 ron
344 4260 464 4327 gleicher
483 4261 562 4312 Haud
580 4261 789 4327 naehgctragen:
814 4259 969 4310 Aramum.
987 4288 1020 4297 -
1039 4261 1053 4294 b
1071 4261 1101 4310 B.
1120 4262 1163 4310 tm.
