3400 5350
409 402 472 468 774

406 594 573 667 honestate
604 592 739 679 aliisque
766 592 978 678 multiplicum
1004 594 1158 658 vimutum
1185 592 1306 657 meritis
1333 588 1422 677 apud
1449 611 1505 654 nos
1529 587 1579 653 fide
1638 554 1639 557 Ἴ

408 698 507 784 digna
535 700 716 764 testimonia
744 697 965 785 perhibentur,
996 697 1172 763 direximus
1202 696 1310 762 oculos
1341 704 1451 761 nostre
1474 696 1579 775 mentis,

407 803 524 889 quibus
547 803 695 869 omnibus
719 802 870 868 debitaab
896 802 1109 869 meditaoione
1131 803 1273 888 pensatis
1296 801 1337 866 de
1360 822 1500 887 persona
1521 798 1580 862 dicti

406 908 559 975 Iohannis
583 909 674 975 nobis
698 919 730 974 et
750 908 873 975 eisdem
888 907 1041 975 tratribus
1057 907 1098 973 ob
1115 906 1273 973 dictorum
1288 928 1421 971 suorum
1437 906 1580 991 exigentia

408 1016 594 1079 moritorum
623 1022 759 1100 accepta
781 1013 822 1078 de
844 1016 988 1100 ipsorum
1009 1012 1146 1078 fratrum
1169 1012 1298 1078 oonsilio
1321 1009 1470 1098 predicto
1493 1032 1580 1075 mona·

407 1120 503 1184 sterio
526 1120 715 1184 auctoritate
737 1119 913 1205 apostolica
934 1116 1142 1205 providemus
1164 1119 1333 1203 ipsumque
1353 1116 1398 1182 illi
1414 1117 1580 1204 preficimus

406 1224 439 1287 in
461 1222 624 1306 abbatem,
648 1245 759 1288 curam
782 1234 814 1288 et
835 1222 1145 1289 administrationem
1166 1224 1265 1309 ipsius
1288 1224 1477 1287 monasterii
1490 1221 1581 1286 sibiin

407 1326 529 1394 eisdem
551 1326 769 1414 spiritualibus
792 1337 825 1392 et
845 1327 1076 1414 temporalibus
1096 1327 1239 1414 plenarie
1262 1325 1492 1393 committendo
1505 1326 1581 1391 firm

407 1457 464 1521 spe
487 1433 672 1520 fiduciaque
695 1436 868 1521 conceptis,
892 1433 979 1520 quod
1001 1433 1159 1519 dirigente
1184 1432 1311 1499 domino
1330 1444 1425 1499 sotus
1440 1455 1513 1498 suos
1526 1452 1581 1519 pre·

408 1538 529 1605 dictum
551 1541 779 1605 monasterium
801 1562 861 1626 per
882 1562 940 1604 sue
964 1538 1133 1626 diligencie
1164 1538 1305 1605 studium
1326 1538 1527 1604 fructuosum
1545 1558 1580 1601 re

406 1654 501 1729 getur
522 1643 640 1708 utiliter
663 1655 696 1710 et
717 1666 870 1731 prospere
894 1643 1050 1729 dirigetur
1072 1654 1229 1732 grataque
1252 1646 1408 1731 suscipiat
1428 1647 1462 1709 in
1478 1641 1581 1709 eisdem

406 1748 624 1835 spiritualibus
647 1759 680 1815 et
702 1747 933 1835 temporalibus
956 1751 1164 1815 incrementa.
1189 1749 1345 1815 Volumus
1368 1758 1489 1833 antem,
1512 1745 1580 1835 quod

406 1855 438 1918 in
454 1852 569 1919 eodem
584 1855 777 1920 monastario
793 1853 902 1919 solitus
918 1853 1149 1921 monachorum
1164 1864 1197 1920 et
1211 1856 1431 1921 ministrorum
1445 1872 1580 1920 numerus

406 1957 587 2024 nullatenus
618 1961 788 2025 minuatur.
833 1958 917 2025 Cum
943 1962 1049 2045 igitur,
1080 1969 1116 2025 ut
1136 1959 1224 2025 idem
1246 1959 1349 2026 abbas
1370 1961 1405 2025 in
1430 1961 1581 2026 commissa

406 2063 467 2128 sibi
490 2085 569 2129 cura
590 2063 737 2150 predicta
759 2066 953 2148 monasterii,
985 2062 1071 2151 quod
1099 2064 1160 2129 sibi
1186 2063 1347 2130 ordinario
1369 2068 1441 2131 iure
1464 2064 1579 2130 subesse

407 2167 592 2252 dinoscitur,
615 2168 740 2233 facilius
763 2168 921 2255 proficere
947 2167 1061 2254 valeat,
1084 2178 1158 2233 tuus
1174 2169 1267 2236 favor
1281 2169 1342 2234 sibi
1358 2192 1431 2235 esse
1448 2178 1580 2235 noscatur

405 2272 578 2359 plurimum
610 2281 793 2359 oportunus,
824 2273 1058 2339 fraternitatem
1088 2282 1177 2339 osam
1203 2296 1354 2360 rogamus
1377 2284 1409 2340 et
1433 2274 1580 2340 hortamur

406 2386 526 2443 attente
548 2401 608 2465 per
630 2378 805 2465 apostolica
826 2378 885 2443 tibi
907 2380 1028 2466 scripta
1051 2378 1252 2463 mandantes,
1283 2381 1435 2466 quatinus
1459 2377 1578 2445 eunden

406 2482 557 2549 abbatem
580 2495 612 2549 et
635 2486 839 2549 commissum
862 2483 921 2549 sibi
944 2486 1173 2549 monasterium
1191 2483 1370 2571 predictum
1389 2485 1515 2551 habens
1534 2504 1579 2571 pro

405 2592 514 2652 nostra
537 2599 568 2653 et
592 2587 676 2653 dicte
706 2587 792 2655 sedis
818 2590 1007 2654 reverencia
1031 2591 1222 2677 propensius
1245 2589 1456 2656 comendatos
1478 2592 1510 2655 in
1529 2609 1579 2653 am·

405 2692 543 2780 pliandis
566 2704 598 2759 et
621 2693 852 2760 conservandis
874 2693 997 2759 iuribus
1021 2697 1096 2778 suis,
1119 2697 1167 2760 sic
1189 2717 1244 2761 eos
1258 2697 1305 2761 tui
1319 2694 1442 2761 favoris
1457 2693 1579 2783 presidio

405 2801 618 2885 prosequaris,
645 2799 731 2886 quod
754 2799 841 2866 ldem
864 2798 967 2865 abbas
989 2801 1023 2865 in
1047 2802 1215 2866 commisso
1238 2799 1298 2865 sibi
1321 2799 1468 2866 eiusdem
1490 2820 1580 2866 mona·

405 2905 492 2968 sterii
514 2906 670 2990 regimine
692 2927 727 2971 se
750 2907 850 2992 possit
871 2905 990 2970 utiliter
1013 2928 1167 2971 exercere
1189 2917 1288 2992 tuque
1311 2904 1456 2971 divinam
1479 2905 1578 2971 miseri·

406 3007 547 3073 cordiam
578 3020 611 3074 et
641 3019 782 3075 nostram
812 3033 852 3075 ao
882 3010 967 3075 dicte
997 3009 1082 3075 sedis
1112 3009 1369 3077 benivolenciam
1396 3020 1431 3076 et
1452 3011 1577 3096 graciam

405 3111 525 3177 exinde
547 3113 679 3179 uberius
702 3117 855 3201 consequi
877 3117 1040 3180 merearis.
1076 3115 1199 3180 Datum
1213 3116 1315 3181 Rome
1335 3115 1424 3203 apud
1441 3116 1577 3182 Sanctum

404 3216 537 3283 Petrum
553 3218 593 3283 V.
609 3217 770 3284 kalendas
793 3219 987 3304 decembris,
1009 3220 1216 3306 pontificatus
1238 3223 1337 3287 nostri
1355 3244 1448 3287 anno
1471 3231 1576 3287 octavo.

448 3458 527 3529 859.
975 3527 977 3531 ,
1123 3470 1206 3529 1396
1221 3471 1386 3532 November
1400 3473 1454 3542 27,
1471 3476 1543 3532 lton.

404 3652 506 3734 Pupst
534 3653 678 3737 Bonisas
707 3653 775 3719 IX.
799 3655 992 3736 oonfimaiert
1022 3656 1074 3721 die
1097 3656 1190 3723 Wasl
1218 3658 1273 3724 des
1299 3658 1486 3744 Gottweiper
1510 3658 1576 3725 Pro

487 3759 588 3840 sesses
609 3757 739 3824 Joleunn
760 3779 822 3824 voa
843 3760 1052 3844 Rotreadors
1066 3781 1139 3826 aum
1161 3762 1243 3828 Abte
1263 3784 1323 3829 oon
1345 3763 1507 3850 Gottweiq.

507 3989 579 4056 Orig.
593 3985 648 4058 (Δ),
665 3990 743 4057 Perg.
762 3990 958 4058 lenchtflaokig.
990 3991 1126 4043 Blsibulle
1144 4007 1178 4043 an
1197 3993 1375 4044 Hanisohnur.

506 4111 562 4162 Aul
578 4111 624 4163 der
636 4112 807 4164 Aussenssits
825 4113 872 4165 dos
884 4114 972 4181 Bugss
985 4114 1073 4166 rechts
1085 4116 1119 4166 ist
1131 4131 1183 4166 von
1195 4115 1243 4168 der
1254 4116 1289 4166 Η.
1302 4117 1348 4168 des
1360 4086 1575 4168 Urs-schramm

403 4198 549 4250 vermerlrt:
577 4199 631 4250 Pro
650 4199 680 4251 P.
694 4199 795 4253 Pressa
813 4201 854 4253 lo.
870 4199 902 4252 de
921 4201 1056 4269 Frslqs‘aeo3
1083 4203 1133 4254 aui
1152 4203 1210 4289 dar=
1220 4204 1313 4256 linkan
1336 4204 1409 4256 Soita
1432 4212 1508 4256 unter
1526 4201 1573 4251 dsn

403 4339 491 4405 Buge:
520 4339 678 4405 Deccmbris3
702 4341 834 4392 seitvvilrts
856 4341 903 4392 der
925 4342 1162 4394 Kostcnvsrmerlr:
1183 4308 1212 4429 Ξ
1231 4344 1260 4395 T.
1274 4343 1370 4411 Fabri3
1396 4346 1519 4397 darnntsr
1533 4354 1572 4390 ron

402 4444 516 4495 anderer
527 4445 575 4496 H.:
591 4444 628 4496 Io.
640 4445 734 4497 Iacent.
751 4447 809 4497 Ani
817 4447 865 4498 der
877 4447 1033 4499 Rtlclsssite:
1053 4448 1211 4516 chistrato3
1230 4448 1369 4501 domator:
1385 4450 1438 4502 (lon
1449 4490 1472 4504 ..
1481 4477 1572 4502 .......

406 4527 541 4583 Gotwiocn.
561 4560 593 4569 -
612 4533 667 4584 Das
685 4533 777 4585 Dictat
789 4536 830 4612 ist
846 4534 898 4585 fast
915 4533 1115 4602 gleichlautend
1134 4537 1183 4587 mit
1200 4535 1260 4588 dom
1279 4538 1306 4586 in
1325 4554 1365 4587 nr.
1378 4538 1437 4589 858.

402 4700 467 4757 858.
507 4707 521 4740 Β
538 4707 570 4759 Δ.
588 4711 652 4758 statt
668 4707 761 4762 arbua
