3400 5350
326 391 386 456 188

324 587 458 638 Permessus
484 585 636 637 Loriaarrs's
662 590 802 653 epimopsu,
830 589 882 640 Leo
908 590 1100 642 wunsam
1126 593 1266 656 episcopus,
1294 592 1404 657 Epidius
1430 592 1516 643 turta

323 675 439 725 daranah
464 677 604 739 episcopm,
634 675 745 726 Thomas
767 675 923 728 Amorum
949 680 1089 743 spiscopus,
1108 679 1199 742 frater
1221 679 1354 730 Bormam
1380 679 1516 730 &themis

323 764 462 828 episcopm,
485 762 656 828 Royuruadus
677 762 820 828 Capitcrrais
838 767 979 830 episcopm,
1001 764 1149 830 Apruricru
1170 765 1358 817 Uoliarbn'ems's
1375 768 1517 832 episcopm.

427 935 617 1002 Universis⁸
627 935 746 1002 Christi
757 935 908 1002 fidelibus
920 947 1086 1022 presentes
1098 940 1290 1024 inspecturis
1302 937 1425 1003 litteras
1434 939 1517 1025 Rey·

324 1040 440 1105 ualdus
468 1041 673 1106 miseratione
702 1038 813 1105 divina
840 1042 1059 1107 Messanensis
1082 1042 1354 1129 archiepiscopus,
1381 1043 1516 1109 Maurus

324 1143 527 1229 Ameliensis,
551 1145 743 1211 Leotherius
759 1145 952 1230 verulanus,
970 1146 1212 1212 Waldebrunus
1236 1146 1461 1213 Avellonensis
1485 1157 1517 1212 et

324 1249 573 1334 Glauimcensis,
596 1250 757 1315 Petronus
774 1249 972 1335 Lariuensis,
996 1251 1064 1316 Leo
1081 1251 1356 1333 Chalamoncnsis,
1379 1252 1516 1337 Egidius

324 1352 588 1440 Turtyburensis,
612 1353 753 1419 Thomas
776 1352 985 1440 Acerrarum,
1012 1356 1114 1420 frater
1140 1357 1305 1421 Romanus
1333 1355 1516 1439 Orohensis,

323 1458 537 1544 Raymundus
560 1459 775 1544 Uapincensis
806 1469 838 1524 et
861 1459 1054 1547 Aymericus
1082 1459 1344 1547 Colymbrieusis,
1375 1462 1516 1547 episcopi

324 1561 461 1627 salutem
483 1565 516 1627 in
541 1562 669 1629 domino
693 1566 932 1651 sempiternam.
964 1564 1132 1632 Gloriosus
1156 1564 1237 1630 deus
1259 1567 1292 1630 in
1315 1567 1435 1631 sanctis
1451 1567 1517 1630 suis

325 1668 356 1730 in
388 1667 530 1752 ipsorum
561 1665 793 1751 glorificatione
823 1669 971 1753 gaudens
1001 1671 1034 1733 in
1064 1670 1273 1734 veneratione
1295 1668 1390 1733 beate
1413 1669 1517 1734 Marie

325 1772 461 1856 virginis
491 1793 528 1836 eo
559 1771 728 1838 iocundius
759 1772 949 1855 delectatur,
980 1795 1044 1860 quo
1073 1776 1145 1859 ipsa
1174 1782 1285 1859 utpote
1316 1783 1419 1839 mater
1448 1776 1517 1838 eius

326 1876 441 1940 effecta
468 1877 585 1940 meruit
611 1874 706 1941 altius
734 1879 855 1942 sanctis
882 1879 914 1942 in
942 1877 1115 1943 celestibus
1139 1876 1296 1943 collocari.
1342 1877 1518 1963 Cupientes

325 1981 434 2064 igitur,
465 1989 501 2044 ut
530 1983 760 2046 monasterium
790 1984 824 2046 in
853 1981 1017 2047 Chotwico
1048 1982 1169 2048 ordinis
1200 1984 1303 2047 sancti
1326 1980 1517 2046 Benedictil

325 2084 528 2149 Patariensis
558 2084 716 2171 dyocesis,
748 2086 835 2173 quod
865 2087 897 2150 in
928 2089 1029 2173 ipsius
1058 2086 1197 2172 gloriose
1230 2087 1364 2170 virginis
1395 2095 1443 2150 est
1472 2087 1518 2151 in-

326 2190 480 2274 signitum
510 2188 678 2274 vocabulo,
713 2193 864 2275 congruis
894 2191 1070 2257 honoribus
1100 2192 1334 2278 frequentetur,
1368 2190 1518 2257 omnibus

325 2316 403 2358 vere
433 2293 652 2379 penitentibus
681 2303 714 2359 et
744 2295 910 2380 confessis,
942 2298 997 2383 qui
1020 2294 1063 2360 ad
1087 2295 1208 2360 dictum
1232 2296 1462 2361 monasterium
1484 2296 1517 2359 in

325 2397 556 2463 festivitatibus
584 2397 774 2484 subscriptis
802 2399 965 2483 videlicet,
993 2401 1171 2465 nativitatis
1199 2399 1331 2484 domini,
1358 2421 1517 2465 resurrec-

324 2503 421 2568 tionis
450 2510 483 2566 et
512 2503 719 2585 ascensionis,
753 2504 785 2567 in
817 2503 962 2569 adventu
992 2505 1124 2589 spiritus
1155 2505 1259 2568 sancti
1292 2502 1451 2589 paracliti,
1486 2504 1519 2566 in

326 2606 461 2691 singulis
490 2606 581 2671 festis
611 2607 706 2672 beate
729 2608 833 2672 Mario
863 2610 998 2695 virginis
1026 2617 1296 2696 sopatronorum
1319 2606 1519 2693 singulorum

326 2711 476 2778 altarium
500 2712 632 2796 ibidem,
656 2715 689 2778 in
711 2715 934 2779 anniversario
957 2713 1010 2779 die
1026 2713 1239 2780 dedicationis
1255 2715 1441 2779 monasterii
1457 2736 1520 2778 me·

327 2820 441 2882 morati
469 2826 567 2904 atque
594 2839 653 2904 per
675 2826 808 2883 octavas
831 2818 988 2884 festorum
1011 2822 1155 2885 omnium
1177 2818 1398 2904 predictorum
1420 2840 1518 2884 causa

328 2921 509 2988 devotionis
532 2925 728 2988 accesserint
750 2922 802 2988 vel
824 2922 868 2988 ad
888 2923 1047 2989 fabricam
1062 2923 1179 3010 prefati
1195 2924 1382 2988 monasterii
1405 2945 1520 2988 manus

327 3029 532 3112 porrexerint
555 3027 740 3110 adiutrioes,
771 3049 830 3093 nos
854 3028 896 3093 de
919 3030 1146 3114 omnipotentis
1170 3026 1222 3092 dei
1245 3026 1467 3092 misericordia
1488 3036 1521 3092 et

327 3130 494 3198 beatorum
525 3132 614 3196 Petri
644 3141 676 3197 et
704 3131 797 3197 Pauli
831 3131 1049 3217 apostolorum
1083 3134 1152 3197 eius
1186 3133 1364 3218 patrocinio
1398 3131 1520 3207 confisi,

328 3234 502 3300 dummodo
537 3235 621 3300 hanc
654 3244 797 3301 nostram
830 3234 1065 3318 indulgentiam
1100 3235 1160 3301 loci
1195 3235 1387 3302 diocesanus
1417 3246 1520 3299 ratam

329 3340 450 3406 habere
472 3363 530 3406 seu
552 3341 743 3406 confirmare
766 3339 958 3424 decreverit,
986 3340 1105 3426 singuli
1133 3340 1276 3426 singulos
1303 3341 1521 3428 quadraginta

329 3444 398 3509 dies
429 3444 469 3509 de
499 3446 645 3509 iniuncta
674 3443 735 3509 sibi
757 3446 936 3530 penitentia
959 3444 1212 3510 misericorditer
1235 3446 1266 3508 in
1291 3444 1419 3511 domino
1442 3441 1522 3509 rela-

328 3570 454 3615 xamus.
489 3550 527 3615 ln
551 3551 642 3614 cuius
666 3550 713 3614 rei
736 3550 954 3614 testimonium
978 3547 1084 3633 sigilla
1106 3558 1216 3613 nostra
1238 3547 1442 3633 presentibus
1465 3547 1521 3613 du-

328 3656 436 3719 ximus
459 3654 660 3739 apponenda.
692 3653 815 3718 Datum
838 3653 941 3719 Rome
964 3675 1049 3718 anno
1072 3653 1193 3718 domini
1217 3652 1384 3718 millesimo
1405 3651 1523 3717 ducen-

329 3760 443 3824 tesimo
466 3761 684 3843 octuagesimo
707 3760 853 3843 septimo,
877 3757 981 3844 pridie
1002 3756 1161 3823 kalendas
1176 3760 1294 3841 martii,
1317 3756 1523 3843 pontificatus

330 3863 451 3929 domini
475 3863 610 3929 Honorii
633 3884 715 3948 pape
739 3864 846 3949 quarti
869 3846 954 3929 anno
978 3861 1131 3946 secundo,
1153 3860 1330 3927 indictione
1353 3859 1427 3926 XV.

434 4060 466 4110 V.
485 4060 512 4111 S.
530 4059 554 4109 d.
571 4059 602 4109 B.
621 4059 753 4108 Perronus
765 4074 791 4107 r.
803 4057 904 4108 Larino
922 4056 1085 4123 bsechhdigt,
1104 4055 1235 4122 spitaoval
1254 4054 1315 4121 (442
1326 4054 1380 4121 27),
1399 4054 1458 4104 roth
1476 4053 1525 4105 auf

330 4136 462 4208 Schtsseh
480 4146 620 4196 ursas.
656 4144 790 4196 osseus:
819 4145 886 4210 †s.
910 4129 1153 4195 scansurum
1173 4142 1522 4194 s..r1·nsa1neus1s.

330 4237 386 4287 Der
407 4234 516 4285 Bischof
536 4235 571 4283 lst
592 4232 703 4284 stshend
726 4248 760 4284 sn
782 4232 841 4284 face
864 4234 902 4283 im
924 4232 1025 4283 Ornata
1047 4230 1209 4298 dargestellt,
1233 4231 1282 4281 mit
1304 4230 1351 4280 der
1373 4230 1454 4279 Mitra
1475 4228 1526 4279 auf

329 4324 389 4374 dem
408 4323 517 4388 Haupte
534 4320 590 4371 und
607 4321 668 4372 dem
686 4320 824 4373 Pastorale
842 4321 871 4370 in
889 4320 936 4370 der
954 4318 1048 4370 linken
1067 4317 1155 4369 Hand.
1184 4346 1216 4355 -
1240 4317 1300 4368 VII.
1317 4318 1343 4368 S.
1362 4317 1386 4366 d.
1402 4317 1431 4370 Β,
1444 4317 1523 4382 Aegi-

330 4411 389 4461 dius
407 4426 431 4458 v.
445 4407 577 4460 Tortiboli
595 4408 760 4474 beschddigt
782 4407 914 4474 spitaoral
933 4404 1060 4474 (44:27),
1083 4405 1141 4456 roth
1160 4404 1210 4456 auf
1226 4403 1358 4464 schumet,
1381 4403 1422 4454 111
1436 4404 1455 4452 A
1469 4405 1485 4452 2
1498 4417 1522 4452 a

331 4496 465 4547 naseas:
485 4497 502 4560 γ
519 4496 545 4548 s.
563 4481 652 4547 stirs.
671 4492 1123 4560 ecrmrnrvsprsvasssrs.
1152 4492 1208 4542 ner
1226 4490 1337 4542 ursosor
1351 4491 1387 4541 ar
1408 4505 1442 4541 en
1465 4489 1524 4553 faa

330 4686 393 4744 1⁷5.
433 4699 446 4724 ·
467 4688 493 4739 U
508 4689 547 4741 als
564 4688 672 4742 Initials
690 4687 874 4758 gesohrisben.
894 4713 925 4723 -
944 4688 958 4719 ¹³
977 4687 1031 4737 Das
1049 4684 1131 4736 letzte
1149 4686 1159 4733 i
1176 4698 1224 4734 aus
1242 4698 1256 4733 e
1273 4683 1419 4749 corrigicrt
