3400 5350
355 420 419 486 348

354 613 662 699 Wildaupamowerl
689 636 758 681 vom
780 616 882 683 Jatre
903 621 988 683 1331
1012 638 1057 683 on
1078 619 1144 700 auf
1159 619 1236 682 awai
1257 617 1357 684 Jatre
1380 620 1439 685 mit
1461 618 1546 683 oden

352 718 555 803 Nutauupeu,
578 720 661 786 acob
681 721 777 786 duero
798 721 929 804 Ablauf
944 722 1080 788 dcrselbc
1100 722 1215 788 wieder
1238 722 1320 806 lodie
1342 723 1435 789 vaurd.

455 825 589 910 Siepkr:
612 825 741 893 Gotfrid
763 849 828 893 von
852 826 1172 914 Wyldungzmawer.

456 932 596 1016 Zecpea:
626 931 685 997 her
708 930 765 996 Ott
787 931 846 997 der
868 932 1022 999 theohant
1043 955 1107 999 von
1130 932 1222 999 Pruk
1252 931 1318 999 und
1347 933 1405 998 der
1427 933 1546 1020 pehem

352 1036 411 1102 her
432 1035 542 1103 Niclas
565 1059 629 1103 von
652 1035 851 1123 Regelprun.

454 1141 594 1209 Datum:
615 1141 683 1209 und
706 1140 765 1208 der
786 1144 854 1229 prif
870 1144 912 1207 ist
932 1141 1064 1229 guben¹²
1089 1142 1213 1229 (1331).

454 1320 526 1386 Orig.
540 1317 603 1385 (1.),
620 1318 697 1384 Perg.
728 1317 857 1369 Deutaeh.
887 1317 977 1385 Siegel
999 1333 1034 1369 an
1057 1320 1144 1370 einem
1163 1318 1382 1386 Porg.·Streifen;
1406 1317 1489 1385 Cupie
1513 1320 1543 1369 in

350 1405 448 1458 (1οά.0
466 1406 485 1457 f.
499 1402 543 1457 ’ἰδ’
555 1402 609 1473 (Β).

444 1529 542 1612 §legal
560 1528 628 1580 rund
646 1526 712 1596 (at),
730 1527 881 1594 ungasarbt,
903 1528 1011 1579 ivae.
1042 1527 1176 1579 Umacha:
1204 1515 1542 1593 †s.eoeTFR11)1·5.

352 1617 607 1671 WILDVGOEAVR
637 1618 692 1667 Das
710 1617 801 1668 rochte
817 1616 900 1668 halba
918 1616 1011 1683 Haupt
1029 1616 1084 1666 und
1102 1617 1146 1667 ain
1164 1615 1268 1668 rechter
1285 1616 1380 1669 halbor
1392 1616 1505 1668 Balken.

391 1845 470 1914 372.
1063 1847 1147 1906 1832
1162 1848 1291 1906 Febrnar
1307 1846 1357 1914 lo,
1374 1849 1495 1907 lusson.

383 2019 521 2103 Bischof
537 2017 648 2084 Alam
668 2038 729 2082 oca
751 2015 879 2082 Poasau
904 2016 1113 2098 incorporicrt
1134 2017 1205 2081 darn
1227 2017 1325 2096 scine
1346 2016 1502 2100 Gdttwcip

761 2122 813 2187 die
833 2121 955 2204 Pfarre
976 2120 1124 2187 Gritnuu.

451 2300 523 2368 Orig.
541 2297 604 2367 (la),
625 2299 702 2366 Perg.
733 2298 793 2349 Von
820 2298 887 2349 awai
911 2296 1021 2363 Siegeln
1047 2311 1082 2346 an
1109 2297 1278 2363 roth-gelban
1304 2296 1538 2349 Seidenschntlren

345 2388 393 2439 daa
410 2393 479 2439 ersta
497 2386 632 2451 erhalton3
650 2386 734 2452 Copia
751 2386 780 2435 in
797 2383 897 2436 (tono
915 2384 933 2436 f.
949 2381 1010 2434 143'
1023 2383 1041 2434 f.
1055 2381 1108 2450 (Β).

450 2558 604 2625 Albertus
627 2557 680 2623 dei
699 2559 804 2644 gratia
823 2557 1025 2622 Pataviensis
1048 2558 1218 2643 episeopus
1241 2556 1388 2622 omnibus
1411 2558 1443 2622 in
1466 2579 1537 2643 per-

345 2675 486 2753 petuum.
532 2665 623 2731 Etsi
646 2663 779 2750 singulis
809 2671 918 2729 nostre
949 2661 1153 2728 sollicitudini
1176 2663 1351 2728 commissis
1374 2661 1537 2728 debitores

344 2773 443 2836 simus
471 2793 581 2837 eorum
612 2768 775 2834 comodis·
805 2768 926 2834 utiliter
955 2770 1154 2854 prospicere,
1187 2777 1298 2833 tamen
1332 2767 1392 2832 illis
1421 2767 1537 2833 fortius

343 2877 560 2962 astringimur,
590 2876 645 2961 qui
676 2873 811 2939 ecclesie
839 2882 947 2938 nostre
971 2895 1014 2937 ex
1035 2872 1233 2938 fundationis
1256 2895 1314 2938 sne
1336 2875 1424 2938 initio
1445 2871 1537 2938 fami·

342 2981 452 3046 liarirm
473 2988 547 3045 sunt
568 2980 698 3045 annexi.
736 2978 809 3043 Hac
824 2978 922 3063 igitur
937 2976 1193 3042 consideratione
1208 2976 1424 3061 advertentes,
1446 2977 1536 3062 quod

342 3086 569 3150 monasterium
585 3082 807 3149 Ohotwicense
828 3081 947 3147 ordinis
968 3085 1071 3148 sancti
1089 3081 1258 3148 Benedicti
1278 3084 1377 3147 nostri
1397 3081 1535 3146 diocesis

342 3189 385 3254 ab
408 3186 666 3254 antecessoribus
688 3189 804 3252 nostris
826 3188 973 3273 primitus
996 3185 1166 3252 fundatum
1185 3196 1218 3252 et
1233 3185 1274 3251 de
1290 3185 1381 3252 bonis
1397 3185 1535 3252 ecclesie

341 3301 449 3358 nostre
473 3291 617 3357 dotatum
639 3294 673 3356 in
696 3290 891 3377 quibusdam
910 3290 1163 3378 possessionibus
1186 3312 1244 3356 seu
1266 3289 1445 3356 redditibus
1467 3293 1534 3355 suis

341 3400 374 3462 in
396 3397 550 3483 parocbia
571 3395 764 3461 Hofsteten¹
788 3395 933 3460 eiusdem
955 3406 1063 3461 nostre
1086 3395 1223 3461 diocesis
1246 3404 1279 3460 et
1299 3397 1387 3461 eirca
1408 3397 1533 3460 sitiatis

340 3504 453 3587 gravia
482 3524 541 3588 pro
571 3511 715 3587 tempore
745 3502 786 3566 sit
815 3523 912 3587 passa
943 3500 1114 3587 dispendia
1144 3524 1187 3566 ex
1211 3522 1259 3584 eo,
1290 3500 1377 3586 quod
1400 3502 1432 3565 in
1454 3502 1532 3586 ipsis

340 3616 506 3694 tamquam
534 3607 628 3671 nimis
658 3604 700 3670 ab
732 3608 802 3692 ipso
832 3608 1024 3671 monasterio
1054 3604 1246 3670 distantibus
1273 3603 1439 3670 custodem
1461 3628 1531 3691 spe-

340 3710 464 3797 cialem,
488 3713 542 3798 qui
566 3710 653 3776 bona
674 3709 857 3776 huiusmodi
879 3709 1008 3777 assidue
1031 3713 1216 3796 respiceret,
1245 3709 1367 3775 habere
1391 3731 1455 3774 non
1476 3732 1532 3796 po

339 3825 455 3900 terant,
485 3838 546 3881 nec
575 3815 681 3881 locum
709 3825 830 3902 aptum,
860 3815 916 3881 ubi
942 3814 1014 3880 talis
1038 3824 1144 3881 eustos
1168 3814 1323 3880 comode·
1345 3825 1530 3901 poneretur,

339 3942 397 3987 nos
427 3942 538 3986 eorum
569 3920 856 4007 supplicationibus
886 3920 1059 3986 humilibus
1089 3919 1232 3985 inclinati
1262 3918 1433 3985 ecclesiam
1459 3941 1530 4005 pre-

340 4025 458 4091 dictam
488 4027 520 4090 in
548 4024 718 4091 Hofsteten
750 4048 825 4090 cnm
855 4025 1002 4090 omnibus
1029 4024 1152 4090 iuribus
1176 4034 1208 4090 et
1227 4025 1426 4110 pertinentiis
1452 4026 1528 4108 suis,

338 4132 370 4195 in
393 4152 458 4218 qua
479 4131 529 4195 ius
550 4138 737 4217 patronatus
760 4129 802 4195 ad
825 4130 911 4216 ipsos
933 4131 1075 4196 noscitur
1097 4132 1268 4216 pertinere,
1293 4127 1399 4194 eidem
1421 4150 1529 4194 mona-

336 4355 400 4412 371.
438 4359 500 4408 bA.

441 4479 451 4511 ¹
468 4480 712 4548 Wildungamauer,
731 4481 806 4534 u-B.
819 4481 969 4547 limburg,
989 4481 1020 4531 V.
1034 4480 1068 4531 U.
1081 4481 1123 4531 W.
1137 4479 1179 4531 W.

335 4599 400 4655 372.
438 4612 452 4637 ⁸
469 4604 499 4653 A.

439 4722 449 4754 ¹
467 4725 541 4776 Jetzt
557 4725 602 4776 die
619 4725 712 4777 Psarre
730 4727 840 4779 Gronau
859 4741 883 4777 a.
897 4724 922 4776 d.
935 4724 1054 4776 Pielacb.
