3400 5350
324 397 386 463 190

320 594 451 678 propria
485 592 661 658 liberaliter
693 596 857 678 resignavi
891 597 1081 681 promittens
1115 595 1320 663 nibilominus
1354 606 1421 662 tam
1451 619 1512 681 ego

321 717 419 781 quam
449 698 547 762 etiam
576 696 693 762 fratres
724 701 787 763 mei
817 698 974 785 praedicti
1002 722 1067 764 una
1094 721 1168 764 cnm
1190 709 1306 786 patruo
1328 722 1400 765 meo
1422 723 1514 786 prae·

320 798 420 864 libato
451 799 493 865 ad
523 823 639 867 manns
670 802 790 868 domini
814 802 957 869 Conradi
987 803 1181 870 venerabilis
1210 803 1338 869 abbatis
1368 803 1513 870 eiusdem

321 904 477 970 ecclesiae
500 905 566 971 fide
587 905 674 991 data,
697 907 784 993 qnod
807 907 912 974 eidem
937 908 1091 973 ecclesiae
1114 908 1293 974 secundum
1308 930 1436 974 omnem
1451 909 1513 975 for-

321 1030 408 1074 mam
438 1012 580 1076 iustitiae
609 1021 642 1076 et
671 1021 777 1076 terrae
808 1012 1073 1078 consuetudinem
1104 1012 1243 1078 velimus
1274 1013 1315 1077 de
1344 1013 1513 1097 praedicta

322 1116 524 1198 possessione
554 1124 666 1180 contra
691 1118 902 1201 impetentem
925 1116 1102 1202 quemlibet
1126 1116 1346 1182 defensionem
1369 1115 1512 1182 debitam

322 1217 486 1284 exhibere.
532 1219 655 1285 Verum
686 1222 783 1285 etiam
814 1220 902 1307 qnod
932 1220 1047 1286 nobilis
1078 1221 1227 1287 dominus
1257 1221 1441 1307 Stephanus
1471 1221 1512 1287 de

321 1323 512 1409 Meyssovvc,
536 1322 756 1389 marschalcns
772 1322 915 1408 Austrie,
932 1325 1068 1390 eandem
1084 1327 1188 1411 ipsam
1204 1324 1372 1391 ecclesiam
1389 1328 1512 1391 ratione

320 1427 542 1493 advocationis
564 1430 599 1492 in
620 1430 687 1494 suis
710 1436 839 1493 tenetur
861 1429 986 1495 iuribus
1009 1428 1178 1495 defensare
1201 1438 1233 1495 et
1256 1430 1463 1516 indempnem
1478 1434 1511 1495 in

321 1532 470 1599 omnibus
500 1554 704 1616 conservare,
734 1532 776 1597 ad
806 1535 962 1599 maiorem
994 1532 1152 1599 cautelam
1182 1534 1311 1601 futurae
1333 1534 1513 1600 calumniae

320 1637 582 1723 praecavendam
611 1649 645 1702 ct
673 1637 862 1723 ampliorem
891 1638 991 1703 fidem
1021 1639 1224 1704 certitudinis
1247 1638 1333 1704 dicte
1357 1638 1512 1705 ecclesiae

319 1742 503 1808 faciendam
530 1750 672 1808 tractatu
698 1751 807 1808 nostro
836 1744 987 1828 primitus
1017 1742 1104 1808 dicto
1134 1742 1265 1809 domino
1290 1742 1513 1808 ordinabiliter

320 1849 467 1913 intimato
490 1845 532 1911 ab
556 1868 593 1911 eo
615 1848 694 1933 petii
717 1856 750 1912 61
772 1846 897 1913 obtinui
920 1858 1103 1933 presentem
1125 1846 1265 1912 litteram
1287 1847 1511 1933 6666616166-

320 1952 407 2018 modi
442 1950 648 2037 compilatum
679 1972 737 2016 suo
768 1950 872 2036 sigillo
902 1972 1045 2036 appenso
1076 1973 1141 2016 nna
1171 1972 1245 2016 cum
1274 1953 1346 2016 m'eo
1375 1951 1512 2017 firmiter

320 2055 488 2122 roboraril
519 2065 551 2120 et
580 2053 718 2120 eandem
747 2056 782 2120 in
812 2056 962 2120 vivacem
992 2057 1179 2120 memoriam
1209 2066 1242 2120 et
1268 2055 1403 2121 evidens
1425 2058 1511 2120 testi·

320 2163 463 2226 monium
486 2161 717 2246 promissorum
740 2161 935 2224 monasterio
950 2157 1070 2223 tradidi
1086 2158 1282 2245 supradicto.
1313 2158 1420 2226 Huius
1435 2182 1511 2224 ven-

322 2266 451 2331 ditionis
481 2274 580 2330 testes
610 2274 698 2330 sunt:
730 2262 879 2330 dominus
909 2262 1097 2328 Hadmarus
1127 2265 1234 2328 senior
1264 2262 1305 2328 de
1327 2262 1511 2349 Sunnberg‚

320 2370 470 2436 dominus
486 2368 671 2454 Stephanus
686 2367 728 2433 de
743 2368 898 2453 Meyssau
913 2369 978 2433 iam
994 2367 1179 2453 praedictus
1195 2366 1340 2433 eiusdem
1356 2367 1511 2433 ecclesiae

319 2474 508 2549 advocatus,
540 2473 688 2539 dominus
710 2471 868 2537 Alolduse
892 2470 933 2537 de
956 2471 1099 2537 Cheione
1121 2471 1339 2537 ministerialis
1362 2472 1509 2554 Austrie3

320 2579 469 2644 dominus
491 2578 654 2643 Pitmarus
677 2576 719 2642 de
738 2576 978 2660 Hadmarstorf,
1003 2576 1151 2642 dominus
1166 2576 1297 2643 Ulricus
1312 2578 1432 2660 Merzo,
1456 2576 1509 2642 do·

319 2686 425 2750 minus
454 2683 566 2769 Poppo
597 2682 638 2748 de
668 2682 812 2767 Peugen,
842 2681 991 2748 dominus
1015 2680 1093 2748 Otto
1124 2682 1229 2748 dictus
1253 2682 1422 2766 Graecias,
1455 2682 1507 2748 do·

317 2789 423 2853 minus
443 2788 605 2853 Henricns
629 2786 670 2852 de
684 2786 787 2871 Pach;
810 2785 943 2851 milites:
967 2785 1113 2853 Ortolfus
1128 2784 1170 2851 de
1184 2786 1345 2852 Stockarn
1361 2795 1394 2851 et
1409 2787 1510 2851 frater

318 2915 396 2959 suus
418 2890 563 2958 Ortolfus
587 2889 628 2956 de
651 2891 815 2977 Meyssau,
844 2888 977 2955 Prethlo
1008 2889 1048 2955 de
1071 2890 1195 2974 Krueg‚
1226 2889 1441 2957 Gotschalcns
1468 2888 1509 2955 de

317 2996 514 3081 Frauhofen‚
548 2996 710 3061 Henricus
744 2994 784 3059 de
811 2994 985 3081 Wiltperg,
1019 2995 1117 3079 Hugo
1151 2993 1192 3059 de
1222 2994 1312 3078 Molt‚
1346 2994 1509 3060 Hernicus

317 3101 493 3184 Pachsech‚
515 3099 646 3166 lllricus
669 3108 702 3164 et
717 3097 886 3164 Conradus
908 3098 1026 3164 fratres
1049 3100 1109 3180 sui,
1132 3097 1302 3164 Conradns
1325 3097 1366 3163 de
1389 3099 1509 3165 Sancta

317 3206 432 3290 Maria,
462 3204 617 3270 Albertus
647 3202 689 3268 de
712 3202 949 3287 Walkerstein3
981 3203 1129 3269 clientes:
1160 3202 1238 3268 Otto
1268 3202 1310 3268 de
1336 3201 1508 3286 Fuenfeld,

317 3309 486 3376 Conradus
505 3307 607 3373 frater
622 3330 710 3391 suus,
732 3307 864 3373 Ulricus
880 3308 1049 3391 Wienner,
1072 3308 1241 3373 Ditmarus
1257 3307 1299 3372 de
1314 3305 1508 3393 altenburg,

317 3413 512 3480 Wolflrerus
535 3412 576 3477 de
599 3411 727 3498 Fuggla
749 3411 858 3478 etalii
880 3434 977 3499 quam
1001 3411 1109 3497 plures
1133 3412 1205 3476 laici
1227 3411 1292 3476 fide
1316 3410 1416 3497 digni.
1441 3411 1507 3476 Da·

315 3527 385 3584 tum
408 3527 440 3583 61
462 3528 571 3583 actum
593 3520 627 3583 in
649 3516 834 3602 Altenburg
856 3539 941 3582 anno
964 3517 1085 3582 domini
1105 3516 1273 3582 millesimo
1288 3516 1508 3582 ducentesimo

315 3624 535 3709 octuagesimo
558 3623 694 3708 septimo
717 3623 750 3685 in
774 3621 825 3686 die
848 3623 952 3687 sancti
974 3620 1146 3687 Barnabae
1169 3620 1314 3707 apostoli.

360 3920 434 3988 177.
889 3925 972 3982 1288
989 3925 1119 3983 Februar
1135 3924 1184 3990 tv,
1201 3924 1464 3995 Klostorneuburg.

315 4131 455 4213 Bisclrof
472 4129 646 4196 Berabard
672 4149 732 4195 voa
753 4129 882 4195 Passaa
908 4128 1037 4193 66616111
1060 4128 1114 4193 der
1136 4126 1338 4209 Stiflsloircbe
1359 4146 1400 4191 aa
1422 4125 1507 4192 Gort-

315 4238 394 4319 6619
424 4237 516 4300 cioca
542 4233 659 4300 Abloss
687 4255 748 4298 voa
777 4238 821 4298 40
842 4233 948 4315 Taceo
977 4233 1045 4297 aad
1074 4230 1219 4313 bestdtipt
1248 4231 1427 4295 6666661666
1456 4229 1508 4293 die

454 4339 753 4421 Ablaeaoerleibaay
774 4357 834 4403 von
856 4340 944 4405 1287
966 4336 1113 4402 Febraur
1134 4340 1178 4404 28
1199 4336 1370 4419 (66175).

314 4600 377 4654 lte.
416 4603 430 4635 b
447 4601 478 4654 Δ.
496 4606 561 4652 61611
577 4601 703 4651 roboravi
723 4627 755 4635 —
774 4609 785 4633 ⁰
801 4599 834 4650 In
851 4599 913 4651 dem
924 4600 1054 4650 seitwtrts
1066 4597 1373 4664 hcrausgescbricbenen
1385 4597 1506 4663 Zangen-

315 4689 440 4756 lrataloge
457 4688 581 4740 Abioldas
597 4687 779 4755 geschricben.
