3400 5350
1260 417 1322 482 105

141 607 266 691 gartan²
297 630 372 673 cum
406 609 472 673 suis
506 609 706 692 pertinentiis
736 629 795 693 pro
825 607 895 672 XII
917 606 1045 673 talentis
1067 606 1129 672 hoc
1152 617 1257 693 pacto,
1287 614 1323 670 ut

142 710 179 774 de
209 711 325 777 eisdem
355 711 522 777 beneficiis
551 713 717 776 annuatim
746 711 889 799 gerrada
918 713 985 776 vini
1017 713 1046 776 ei
1076 710 1228 795 solvatur,
1260 733 1322 797 quc

140 825 236 881 tamur
264 816 406 901 gerrada
432 818 464 881 in
488 837 565 880 usus
587 816 723 882 fratrum
747 825 797 881 est
817 816 955 900 reddita,
980 824 1015 880 ut
1035 825 1120 880 totus
1145 825 1322 880 conventus

140 921 167 983 in
189 920 433 1006 quadragesima
454 942 519 986 uno
541 919 594 985 die
617 942 691 985 cnm
714 920 857 1006 piscibus
881 928 1100 1006 competenter
1127 918 1323 984 exhibeatur

140 1023 258 1107 scilicet,
292 1034 329 1090 nt
360 1024 495 1090 dominis
526 1024 589 1089 duo
620 1024 745 1089 fercula
774 1027 912 1111 piscium
943 1023 1070 1108 dentur,
1104 1023 1256 1090 fratribus
1290 1033 1323 1089 et

140 1126 320 1194 dominabus
351 1152 451 1195 unum
481 1139 514 1195 et
543 1139 721 1194 conventus
749 1128 948 1216 solempnem
972 1129 1113 1214 vigiliam
1137 1138 1169 1193 et
1191 1129 1322 1192 missam

139 1230 354 1298 defunctorum
376 1232 418 1298 ob
441 1235 627 1299 memoriam
650 1235 699 1298 sui
721 1241 754 1298 et
775 1242 947 1319 parentum
970 1255 1100 1298 suorum
1124 1255 1198 1297 cum
1221 1235 1321 1317 signis

137 1335 348 1424 sollempniter
377 1336 563 1403 sonantibus
594 1336 715 1403 debeat
741 1337 909 1403 celebrare
931 1339 1110 1423 procuratis
1132 1335 1247 1402 eodem
1270 1335 1322 1400 die

138 1439 174 1504 de
201 1440 329 1506 cellario
360 1452 537 1508 conventus
560 1442 627 1508 VII
656 1441 854 1532 pauperibus
885 1445 918 1507 in
940 1465 1024 1529 pane
1048 1450 1081 1507 et
1103 1444 1177 1506 vino
1201 1450 1234 1505 et
1256 1463 1321 1506 uno

136 1543 258 1629 ferculo,
290 1544 377 1611 datis
407 1549 505 1612 etiam
533 1569 593 1633 per
620 1570 752 1612 manum
774 1548 901 1634 prioris,
925 1548 980 1633 qui
1003 1555 1156 1633 procurat
1179 1545 1319 1610 consola·

136 1650 255 1733 tionem,
283 1650 428 1736 piscibus
455 1662 487 1717 et
507 1652 573 1717 VII
600 1651 742 1717 denariis
765 1650 890 1716 eisdem
912 1650 1121 1737 pauperibus,
1153 1659 1185 1716 et
1208 1650 1322 1716 eodem

136 1751 278 1819 Heinrioo
309 1754 480 1820 sacerdote
511 1755 690 1821 decedente
722 1758 805 1821 sicut
834 1758 928 1820 unius
959 1755 1095 1820 fratrum
1118 1755 1323 1821 sacerdotum

136 1856 168 1920 fit
194 1861 261 1923 eius
283 1862 450 1925 memoria.
495 1860 538 1925 Et
559 1872 595 1926 ut
618 1860 680 1926 hec
702 1862 870 1947 promissio
893 1861 1015 1925 firmius
1038 1861 1070 1926 in
1094 1883 1194 1926 annos
1218 1858 1321 1943 duret,

136 1982 207 2046 opus
233 1963 408 2050 singularis
438 1966 564 2050 pietatis
595 1963 730 2047 addidit,
762 1963 850 2051 quod
872 1963 995 2029 reditus
1018 1963 1155 2030 ecclesie
1178 1985 1236 2029 sue
1258 1964 1322 2029 Na·

135 2061 195 2129 liub
226 2069 258 2131 in
293 2089 374 2132 usus
403 2067 539 2133 fratrum
569 2090 628 2154 per
657 2068 822 2134 biennium
854 2067 1048 2133 contradidit
1077 2066 1322 2154 exceptionibus

135 2171 194 2233 istis
216 2173 424 2258 interpositis,
448 2171 533 2259 quod
556 2183 691 2259 utroque
714 2196 799 2237 anno
823 2171 864 2237 de
887 2172 1009 2238 eisdem
1032 2171 1189 2237 reditibus
1211 2171 1322 2239 Vlrico

135 2271 252 2339 fratueli
283 2297 344 2341 sno
374 2275 417 2340 ad
447 2276 588 2341 studium
619 2286 683 2342 tres
714 2276 845 2342 marche
877 2300 937 2363 per
966 2275 1164 2363 diligentiam
1195 2275 1322 2341 abbatis

134 2381 304 2445 mittantur.
353 2381 396 2444 Et
430 2382 456 2444 si
490 2381 662 2445 infortunio
696 2381 803 2467 aliquo
838 2380 924 2446 idem
957 2380 1131 2447 Heinricns
1164 2378 1324 2466 plebanus

135 2480 208 2548 ultra
237 2507 341 2568 mare,
373 2483 459 2570 quod
491 2484 571 2550 deus
602 2495 737 2569 avertat,
767 2494 1005 2572 preoccupatus
1031 2484 1137 2569 fuerit,
1168 2484 1323 2571 quicquid

135 2606 186 2670 per
214 2588 340 2653 litteras
372 2587 426 2653 vel
455 2611 515 2675 per
543 2599 666 2655 certum
689 2591 843 2654 nuncium
867 2589 927 2654 sibi
951 2587 1141 2655 mittendum
1165 2589 1322 2674 significa·

134 2694 328 2782 teritorum
353 2696 522 2759 occasione
545 2696 719 2781 postposita
741 2696 895 2760 mittatur.
926 2694 969 2759 Et
991 2696 1018 2758 si
1041 2693 1082 2759 de
1103 2696 1322 2759 transmarinis

134 2796 270 2877 partibus
295 2797 360 2862 deo
384 2797 524 2863 donante
547 2797 688 2882 redierit,
711 2797 913 2884 prebendam
928 2798 1045 2881 fratris,
1070 2801 1102 2863 in
1118 2819 1322 2884 quocumque

133 3050 174 3109 93.
194 3057 264 3109 fahrt
287 3059 461 3110 aufzufassen
484 3060 527 3125 ist,
554 3061 583 3109 in
606 3060 653 3110 das
676 3060 740 3110 Stift
761 3060 894 3125 Gttttweig
916 3060 970 3125 ein,
997 3076 1038 3110 wo
1062 3074 1091 3109 er
1113 3058 1170 3109 sich
1192 3057 1236 3109 die
1259 3058 1322 3108 Auf-

132 3142 220 3194 nshme
246 3145 444 3211 ausbedungen
470 3145 554 3207 hatte,
584 3145 639 3197 und
666 3145 757 3196 wurde
787 3145 857 3196 nach
886 3146 934 3196 der
961 3146 1135 3211 Resignation
1168 3144 1215 3195 des
1241 3144 1323 3196 Abtes

134 3226 233 3281 Weselo
258 3247 283 3283 c.
302 3248 351 3283 um
375 3233 418 3282 die
436 3234 513 3284 Mitte
537 3234 584 3283 des
601 3233 698 3285 Jabres
718 3235 783 3283 1231
804 3249 865 3283 sum
883 3232 952 3284 Abte
970 3232 1090 3283 erwlthlt.
1127 3233 1209 3282 Diess
1222 3230 1323 3283 Wltrde

132 3313 195 3381 lega
216 3334 246 3369 er
268 3321 339 3371 aber
359 3319 459 3370 bereits
482 3321 550 3370 nach
569 3320 672 3371 Ablaui
692 3322 766 3371 eines
783 3320 882 3371 Jahres
900 3320 1001 3381 nieder,
1024 3335 1070 3369 urn
1088 3321 1116 3369 in
1135 3318 1188 3369 den
1206 3333 1259 3369 neu
1277 3333 1322 3384 ge-

132 3403 271 3465 grttndeten
291 3405 573 3458 Dominilranerorden
592 3405 719 3475 (welches
736 3404 936 3473 Ordenshanst)
955 3408 1130 3457 sinautreten.
1167 3405 1209 3457 Ob
1228 3421 1258 3457 er
1274 3408 1323 3456 mit

131 3487 184 3539 dem
207 3492 336 3544 Bischoie
357 3493 488 3545 Heinrich
506 3494 527 3544 1.
547 3510 599 3544 von
624 3495 764 3546 chiemsee
787 3494 919 3545 identiseh
942 3495 986 3555 ist,
1012 3494 1047 3544 ist
1069 3492 1191 3559 fraglich‚
1218 3493 1253 3543 da
1278 3492 1323 3543 dia

132 3573 235 3629 Amata
251 3583 340 3631 sends*
358 3579 484 3632 leudonis·
502 3579 705 3651 salisburgenses
724 3597 783 3631 aum
802 3581 887 3632 Jahre
908 3583 974 3631 1252
993 3595 1045 3631 nur
1061 3579 1233 3631 rermerlseu:
1266 3579 1320 3629 Do·

130 3664 205 3715 *finus
227 3666 374 3732 Philippus
397 3667 486 3718 electus
510 3667 703 3733 &saumones
730 3667 888 3720 culmem
914 3671 1086 3733 episcopam
1112 3668 1216 3718 commit
1236 3667 1323 3732 fratrs·

132 3746 245 3802 Hsisirico
265 3752 301 3803 dc
323 3752 415 3804 ordine
433 3753 654 3816 Praedicatorum,
677 3755 788 3818 11266.
825 3754 901 3806 Noch
926 3755 991 3806 weit
1012 3755 1131 3820 weniger
1152 3753 1226 3804 kann
1248 3754 1323 3804 seins

131 3832 251 3889 Mantittt
274 3840 327 3889 mit
348 3838 409 3891 dem
432 3842 563 3906 ῳίιωρω
587 3840 769 3892 Swadunenss‘s
791 3843 921 3893 emissan
943 3840 1059 3904 werden,
1085 3839 1138 3891 den
1165 3839 1209 3891 die
1240 3839 1322 3891 cous-

131 3926 210 3974 assts'o
230 3926 383 3978 Garatems's
401 3942 461 3977 zum
479 3927 564 3978 Jabra
586 3929 651 3978 1260
670 3929 803 3979 erwlthnt:
842 3927 936 3977 [dudm
958 3945 1027 3978 anno
1038 3926 1129 3991 frater
1145 3927 1274 3977 Hessn'eus
1290 3925 1323 3976 ds

132 4008 213 4061 ordine
230 4011 456 4073 Praedicatorum,
479 4017 611 4079 epiecopus
630 4013 813 4066 Swadrmarss's
836 4012 938 4081 (ecutae
956 4013 1110 4074 Senotensis,
1129 4010 1239 4079 Siscia),
1262 4012 1322 4062 cele-

133 4096 207 4149 tnvts
227 4101 337 4150 ordines
358 4102 506 4151 clerieomm
529 4100 602 4167 opud
626 4099 734 4153 Gersten
756 4105 786 4152 s'n
808 4102 897 4167 ciuilia
916 4101 1021 4166 pascha
1058 4127 1090 4137 -
1127 4096 1138 4129 ¹
1161 4100 1252 4150 Durch
1270 4097 1322 4149 dan

133 4180 329 4238 Rttclrvermerk
347 4188 394 4239 der
414 4189 554 4239 Urlrunde:
573 4189 606 4239 In
623 4188 705 4254 officio
722 4191 792 4238 cs'rca
809 4195 916 4239 mordens
936 4188 1117 4254 Paromyorten
1135 4189 1170 4237 ist
1187 4187 1231 4237 dis
1247 4186 1322 4252 Lago

132 4267 262 4325 dnelben
277 4275 331 4324 mit
342 4274 401 4324 dem
415 4275 498 4325 Dorie
510 4276 700 4341 Baumgarten,
713 4276 825 4341 geborig
837 4290 885 4325 nur
897 4276 973 4327 Gem.
986 4276 1120 4335 Mautem,
1133 4273 1165 4322 V.
1175 4272 1206 4323 0.
1216 4272 1259 4321 W.
1270 4272 1322 4337 W.,

133 4354 267 4412 bestimmt
297 4362 353 4412 Die
366 4362 552 4413 Uebersehritt
570 4363 597 4412 in
617 4361 714 4414 codo
733 4361 751 4411 1.
764 4358 839 4413 26οἐ
859 4362 944 4412 Βίωνα
960 4378 1039 4427 asper
1056 4360 1106 4412 duo
1124 4358 1242 4423 beneficio
1253 4361 1323 4409 cirea

133 4441 198 4495 Natu
214 4453 265 4498 etc.
285 4448 387 4499 beruht
404 4449 453 4498 anf
468 4449 556 4499 einem
576 4449 709 4500 Irrthnme
727 4449 773 4499 des
792 4448 927 4515 Copisten.
967 4449 1003 4499 Es
1022 4448 1094 4499 kann
1113 4447 1240 4511 rurigena
1257 4446 1322 4496 hein

133 4530 235 4583 sudem
257 4534 443 4600 Baumgarten
469 4536 589 4600 gemeint
614 4536 681 4596 sein,
708 4534 743 4587 da
770 4535 839 4586 auch
868 4535 916 4585 das
942 4534 1039 4586 ttlteste
1062 4532 1151 4584 Urbar
1177 4547 1230 4581 von
1255 4533 1323 4583 1302

134 4612 224 4680 (Urbsr
245 4617 280 4689 A)
309 4619 377 4671 hein
403 4620 515 4673 anderes
541 4621 625 4673 kannt
651 4622 706 4673 und
734 4622 804 4673 auch
831 4629 906 4673 sonat
931 4621 996 4674 kein
1022 4619 1135 4672 anderes
1162 4618 1323 4670 urkundlich

134 4703 236 4759 auftritt.
