3400 5350
1288 428 1349 492 153

258 616 326 683 Nos
357 616 538 683 Otacherus
569 616 621 682 dei
651 620 764 705 gracia
793 618 926 684 Boemie
955 641 1025 703 rex,
1060 618 1130 684 dux
1158 617 1288 684 Austris
1318 629 1351 684 et

152 721 251 788 Stiria
281 744 321 786 ac
353 721 497 787 marchio
520 723 676 807 Moravie,
708 726 791 789 scire
817 722 966 789 volumus
995 725 1162 789 universos
1185 733 1351 809 presentes

151 825 274 891 litteras
297 827 508 912 inspecturos,
533 826 619 913 quod
641 826 777 894 dilectus
792 837 903 893 noster
918 827 1103 914 capellanus
1118 827 1348 909 Hellenwicus,

151 929 348 997 venerabilis
371 929 474 997 abbas
498 930 540 996 de
554 930 729 1016 Chotwico,
753 942 786 996 et
808 942 985 998 conventus
1001 934 1184 997 monasterii
1203 931 1349 997 eiusdem

152 1034 245 1100 nobis
276 1057 352 1100 oum
381 1036 541 1102 instancia
570 1036 802 1123 supplicarunt,
833 1047 870 1102 ut
897 1036 1020 1104 litteras
1051 1035 1205 1123 sigillatas
1238 1036 1349 1120 sigillis

151 1137 328 1225 H(einrici)
351 1140 476 1205 comitis
498 1138 540 1205 de
563 1139 702 1205 Hardek
726 1150 758 1206 et
773 1140 890 1206 Ditrici
914 1139 955 1205 de
971 1139 1193 1206 Hohenberch
1215 1138 1258 1205 ad
1278 1162 1348 1226 per-

150 1254 284 1330 petuam
314 1245 361 1310 rei
391 1246 580 1332 memoriam
610 1247 822 1332 transcriptas
850 1245 1034 1311 faceremus
1062 1255 1243 1312 nostrorum
1265 1245 1348 1331 sigil-

149 1347 255 1413 lorum
277 1348 455 1414 munimme
477 1348 631 1416 roborari.
663 1350 732 1415 Nos
754 1352 863 1437 itaque
886 1349 1064 1416 eorundem
1086 1349 1212 1416 abbatis
1228 1360 1260 1415 et
1275 1371 1348 1414 oon·

150 1461 268 1518 ventus
291 1453 381 1519 iustis
403 1452 556 1539 precibus
578 1453 800 1520 favorabiliter
822 1464 1002 1520 annuentes
1024 1463 1169 1520 tenorem
1190 1453 1349 1519 dictarum

148 1556 330 1623 litterarum
353 1556 395 1623 de
417 1557 518 1623 verbo
540 1556 585 1623 ad
607 1558 744 1625 verbum
767 1560 883 1625 nostris
905 1561 1003 1625 inseri
1025 1559 1161 1624 fecimus
1182 1557 1295 1624 litteris
1314 1559 1349 1622 in

151 1660 213 1726 hec
242 1660 362 1727 verba:
392 1660 473 1747 tolgt
501 1662 648 1728 wbrtlich
677 1665 827 1729 inseriert
856 1686 905 1729 nr.
929 1663 1000 1728 151.
1045 1663 1096 1728 Ne
1118 1672 1228 1729 autem
1250 1684 1349 1748 super

149 1766 318 1853 premissis
339 1768 372 1831 in
394 1776 560 1853 posterum
582 1766 712 1854 aliquod
736 1766 870 1833 dubium
894 1790 952 1832 seu
974 1766 1037 1833 litis
1057 1770 1225 1833 contencio
1240 1765 1349 1832 valeat

149 1867 301 1953 suboriri,
331 1879 497 1956 presentes
526 1870 648 1937 litteras
670 1881 853 1938 nostrorum
876 1871 1052 1958 sigillorum
1074 1872 1250 1938 munimine
1272 1871 1347 1937 feci-

149 1996 221 2039 mus
245 1973 400 2040 roborari.
446 1975 569 2040 Datum
591 1977 625 2041 in
647 1976 821 2041 Bischaw¹
843 1998 902 2062 per
924 1999 1055 2042 manum
1078 1977 1224 2061 magistri
1245 1974 1347 2040 Vlrici

147 2080 250 2144 nostri
280 2078 510 2164 prothonotarii
539 2102 625 2145 anno
655 2079 776 2146 domini
806 2079 1075 2165 MCCLXVIIII,
1105 2079 1165 2145 Ill.
1187 2078 1346 2145 kalendas

147 2183 286 2247 ianuarii
307 2181 513 2269 presentibus
535 2182 680 2268 testibus,
704 2186 759 2271 qui
781 2195 857 2250 sunt
870 2183 951 2250 hiiz·
973 2186 1126 2270 magister
1140 2184 1256 2249 Petrus
1273 2205 1346 2248 can-

148 2286 300 2352 cellarius
315 2289 407 2372 regni
423 2287 565 2373 Boemie,
588 2291 742 2376 magister
756 2288 888 2354 Vlricus
903 2288 1169 2376 prothonotarius,
1192 2290 1347 2374 magister

148 2391 324 2456 Hainricus
348 2390 389 2457 de
403 2392 721 2476 Draechschircben,
744 2392 897 2459 Andreas
913 2394 1111 2459 camerarius
1131 2401 1249 2476 noster,
1271 2391 1345 2457 Gal·

146 2494 197 2559 lus
227 2496 387 2580 pincerna
416 2505 535 2581 noster,
565 2497 763 2585 Tybisohius
793 2497 920 2585 dapifer
954 2508 1063 2563 noster
1092 2508 1125 2564 et
1153 2498 1262 2585 plures
1291 2496 1345 2561 alii

147 2598 213 2664 fide
237 2597 337 2686 digni.

251 2757 419 2825 Mttnasiegel
438 2759 527 2826 Konig
545 2759 688 2821 Ottoksr's,
707 2760 858 2826 ungefltrbt
895 2759 943 2812 Av.
961 2760 1028 2813 Abb.
1047 2760 1091 2812 bei
1109 2760 1189 2822 Sava,
1211 2760 1302 2826 Siogel
1319 2758 1343 2809 d.

149 2848 243 2895 osterr.
256 2845 395 2911 Reganton
413 2847 457 2908 92,
473 2846 532 2913 rig.
546 2848 589 2912 ol,
605 2847 656 2899 av.
669 2846 765 2899 sboud.
778 2849 820 2910 94,
838 2847 896 2913 rig.
909 2848 951 2898 33.

191 3085 271 3155 153.
1000 3095 1094 3161 laos,
1111 3094 1299 3153 (lillersdort.

148 3276 300 3343 Hodmar
328 3300 391 3345 voa
411 3279 573 3363 Soaabcry
601 3279 696 3362 lonast
725 3300 785 3345 ooo
808 3279 879 3346 Otto
907 3301 968 3345 oon
989 3280 1155 3346 Rossbach
1176 3279 1278 3346 darer
1303 3300 1345 3344 aa

149 3381 450 3449 Ober-Hollobruna
475 3389 569 3449 abbr
595 3386 651 3449 dor
678 3384 876 3468 Bilrpsobast
902 3386 958 3450 der
983 3384 1092 3450 Erbea
1118 3383 1172 3450 des
1198 3384 1344 3450 letaterea

479 3489 539 3571 fiir
560 3489 622 3554 den
643 3488 721 3554 Fau
742 3489 799 3554 der
820 3489 1016 3572 Anspraolw.

256 3680 343 3749 Copia
354 3682 391 3732 im
403 3681 569 3750 Gottwaiger
580 3678 707 3736 lla-(lod.
724 3684 773 3735 anf
787 3684 887 3750 Papisr
902 3699 941 3733 nr.
952 3685 1003 3734 886
1018 3683 1105 3749 (rothe
1120 3682 1180 3749 nr),
1196 3701 1235 3734 nr.
1246 3685 1278 3733 67
1290 3681 1343 3751 (Β).

249 3802 306 3854 Der
318 3802 412 3870 Copist
430 3804 565 3855 vermerkt
576 3804 664 3855 nichts
676 3804 800 3867 dartlber,
818 3805 853 3856 ob
866 3820 896 3856 er
907 3818 956 3856 aus
968 3804 1028 3857 dsm
1041 3804 1180 3871 Originale
1192 3805 1256 3857 oder
1268 3808 1344 3856 siner

150 3890 249 3942 beraits
264 3889 458 3942 vorhandenan
476 3891 560 3959 Copia
576 3893 680 3959 sopiert
696 3892 750 3943 hat.

250 4063 291 4128 In
314 4064 444 4129 nomine
467 4074 578 4130 sancte
601 4075 634 4130 et
654 4064 822 4131 individue
843 4067 1003 4131 trinitatis.
1030 4068 1188 4133 Noverint
1201 4070 1344 4132 universi

149 4177 334 4254 presentem
362 4167 488 4234 literam
517 4170 703 4255 inspecturi,
738 4169 825 4256 quod
859 4193 919 4256 ego
949 4171 1156 4238 Hademarus
1189 4172 1232 4237 de
1262 4171 1342 4238 Sun-

146 4271 247 4339 berch
271 4281 306 4338 et
327 4295 412 4339 uxor
433 4295 507 4339 mea
529 4273 688 4339 Katerina
710 4276 845 4340 emimus
869 4298 889 4341 a
912 4274 1040 4341 domino
1063 4275 1181 4342 Ottone
1205 4276 1247 4341 de
1261 4276 1341 4341 Rus·

147 4496 210 4552 152.
249 4511 263 4535 ⁸
281 4499 313 4550 A.

250 4620 465 4692 ¹Wandlinsky
488 4623 585 4677 nimmt
606 4622 654 4677 das
676 4623 786 4697 bautige
808 4623 937 4679 Bitoobau
960 4639 995 4676 an
1023 4624 1075 4696 (Bl.
1096 4625 1115 4675 f.
1136 4625 1270 4681 Landosia
1293 4626 1341 4688 XI,

148 4708 198 4759 276
215 4725 254 4761 nr.
267 4706 321 4778 24).
