3400 5350
1320 424 1383 491 219

188 619 270 702 aule,
300 619 402 684 frater
429 620 564 685 Maurus
592 618 797 702 Ameliensis,
827 619 979 686 Andreas
1007 618 1182 706 Lydensis,
1213 619 1314 684 frater
1336 619 1384 683 la-

189 725 289 791 cobus
315 723 522 806 Aoernensis,
552 723 655 791 frater
677 724 747 791 Aac
779 724 986 803 Oasertanus,
1015 723 1203 811 Aymardus
1234 725 1383 807 Lucerie,

188 829 291 894 frater
322 829 517 894 Lambertus
540 828 722 914 Veglensis,
756 829 923 895 Paschalis
953 829 1157 896 cassinensis
1191 828 1244 894 dei
1274 830 1384 912 gracia

190 935 333 1019 episcopi
360 932 497 998 salutem
524 935 557 998 in
586 935 729 999 omnium
757 933 929 1000 salvatore.
975 935 1034 1000 Pia
1057 943 1160 999 mater
1183 931 1321 998 ecclesia
1343 932 1385 998 de

189 1037 328 1103 filiorum
352 1058 494 1121 suorum,
518 1060 599 1124 quos
621 1037 832 1124 spiritualiter
854 1040 977 1124 genuit,
1006 1037 1109 1104 salute
1132 1036 1267 1103 sollicita
1290 1035 1386 1103 devo-

190 1144 315 1208 cionem
344 1144 488 1228 ipsorum
519 1145 612 1229 quasi
642 1142 837 1229 quibusdam
869 1142 1026 1209 allectivis
1055 1141 1252 1226 muneribus,
1282 1140 1385 1206 indul·

190 1249 312 1332 genciis
342 1246 494 1312 videlicet
523 1256 556 1312 et
586 1257 796 1334 peccatorum
826 1269 958 1313 suorum
981 1246 1224 1313 remissionibus
1247 1247 1386 1311 invitare

191 1355 359 1419 consuevit
388 1351 430 1417 ad
462 1351 563 1417 debiti
593 1352 768 1418 famulatus
798 1352 954 1418 honorem
985 1352 1046 1417 deo
1077 1360 1110 1416 et
1140 1352 1239 1416 sacris
1270 1349 1386 1415 edibus

190 1459 367 1544 praecipue
397 1458 430 1522 in
460 1458 631 1523 missarum
663 1455 861 1543 sollempniis
894 1454 1160 1542 impendendum,
1194 1463 1231 1520 ut
1264 1463 1385 1540 quanto

190 1560 266 1627 illuc
294 1560 440 1626 crebrius
468 1569 500 1626 et
528 1561 683 1627 devocius
709 1560 843 1626 confluit
865 1561 1060 1626 christianus
1082 1558 1220 1646 populus
1242 1559 1384 1624 invicem

190 1688 249 1752 pro
273 1687 308 1731 se
330 1687 438 1748 orans,
461 1674 550 1730 tanto
573 1664 710 1732 celerius
734 1665 926 1731 delictorum
948 1685 1081 1730 suorum
1103 1664 1232 1729 veniam
1256 1672 1288 1728 et
1310 1684 1386 1747 gau·

190 1770 245 1835 dia
267 1772 421 1855 consequi
443 1777 607 1836 mereatur
630 1778 750 1834 eterna.
798 1769 881 1836 (lum
904 1770 1002 1853 igitur
1030 1768 1141 1833 divine
1168 1766 1386 1854 dispositionis

189 1873 324 1940 arbitrio
354 1872 396 1938 ad
426 1873 610 1940 huiusmodi
639 1873 846 1959 pontificatus
877 1876 977 1939 simus
1008 1876 1165 1959 assumpti
1188 1872 1330 1937 officium
1354 1881 1386 1936 et

190 1979 251 2044 hec
279 1981 365 2044 inter
394 1977 473 2043 alias
504 1977 735 2044 sollicitudines
764 1978 938 2043 karitatisb
970 2000 1068 2065 opera
1090 1979 1174 2043 votis
1197 1975 1387 2042 ardentibus

190 2084 389 2165 affectemus,
420 2081 559 2168 qualiter
588 2082 679 2167 vigili
707 2093 739 2147 et
762 2104 897 2169 operoso
919 2084 1098 2148 ministerio
1121 2080 1234 2147 fideles
1257 2079 1387 2145 Christo

191 2186 406 2274 acceptabiles
428 2208 486 2252 nos
509 2186 696 2270 reddamus,
720 2188 888 2273 cupientes
911 2186 1063 2274 equidem
1087 2184 1257 2251 ecclesiam
1279 2184 1386 2249 beato·

190 2314 263 2358 rum
300 2291 409 2357 Iacobi
445 2299 478 2356 et
511 2290 665 2357 Iohannis
699 2292 732 2356 in
763 2292 855 2376 Ruga
885 2292 1088 2357 Pataviensis
1119 2290 1267 2375 dyocesis
1301 2290 1388 2353 inter

192 2396 312 2483 templa
335 2397 457 2462 domini
480 2394 675 2482 specialibus
699 2395 914 2481 spiritualium
936 2406 1119 2461 nostrorum
1142 2415 1312 2460 munerum
1328 2392 1388 2457 lar·

191 2504 292 2587 gitate
315 2509 348 2566 et
370 2509 496 2565 nostros
517 2498 716 2566 delectamur
732 2501 900 2565 thesauros
916 2499 1099 2587 spirituales
1115 2498 1248 2565 ecclesie
1265 2498 1387 2563 christi·

193 2606 269 2672 colis
297 2608 433 2694 aperire,
457 2628 596 2693 quornm
619 2606 751 2672 demum
771 2605 878 2671 allecti
901 2604 1034 2671 salutari
1057 2603 1228 2671 dulcedine
1251 2601 1293 2666 ad
1316 2624 1388 2666 eam

191 2715 225 2778 in
259 2713 375 2777 mentis
407 2710 507 2777 iubilo
541 2713 587 2775 ita
616 2732 703 2776 nunc
733 2711 830 2778 deum
863 2733 920 2797 per
951 2709 1118 2797 speculum
1148 2710 1181 2773 in
1212 2716 1388 2794 enygmate

192 2825 394 2901 venerantes,
425 2814 631 2897 honorantes,
661 2814 835 2881 adorantes
866 2815 1034 2899 accedant,
1065 2823 1101 2878 ut
1131 2821 1209 2877 tunc
1239 2811 1322 2876 facie
1345 2808 1388 2874 ad

191 2921 308 2987 faciem
331 2923 515 2987 venientem
537 2921 643 3007 ipsum
665 2943 764 3007 super
786 2942 841 2986 eos
864 2921 1005 2986 iudicem
1028 2920 1134 2984 securi
1156 2916 1287 2981 valeant
1315 2937 1388 2979 con-

192 3025 350 3112 templari.
396 3026 442 3092 Ut
471 3026 556 3091 hanc
585 3027 685 3110 igitur
714 3025 881 3091 beneficia
904 3027 1064 3111 petiturus
1088 3025 1195 3109 quivis
1218 3020 1388 3087 ecclesiam

191 3129 380 3214 ingrediens
406 3129 524 3196 letetur
551 3151 586 3195 se
612 3132 646 3195 in
675 3141 735 3194 ea⁰
759 3132 950 3216 impetrasse
974 3151 1030 3194 sue
1053 3129 1211 3214 peticions
1233 3124 1388 3189 humilem

192 3236 385 3300 instanciam
408 3236 440 3298 in
465 3244 577 3299 eterna
601 3233 662 3300 sibi
684 3234 887 3299 beatitudine
910 3234 1124 3320 profuturam,
1148 3231 1295 3297 omnibus
1310 3254 1389 3296 vere

193 3340 413 3425 penitentibus
435 3349 468 3404 et
490 3339 656 3422 confessis,
679 3341 735 3425 qui
757 3338 904 3424 predicte
928 3337 1062 3403 ecclesie
1084 3335 1196 3402 limina
1211 3334 1328 3401 devote
1343 3338 1387 3399 vi-

193 3445 375 3509 sitaverunt
397 3446 431 3509 in
453 3443 603 3509 omnibus
626 3454 658 3508 et
673 3442 808 3526 singulis
824 3442 1056 3509 festivitatibus
1071 3441 1286 3527 infrascriptis
1301 3439 1389 3505 vide·

193 3546 269 3612 licet
291 3549 470 3613 nativitatis
493 3548 738 3613 resurrectionis
761 3549 958 3613 ascensionis
979 3554 1012 3611 et
1027 3546 1252 3632 penthecostes
1268 3543 1389 3609 domini

194 3654 296 3717 nostri
323 3652 398 3718 Iesu
413 3651 534 3719 Christi
556 3674 683 3717 necnon
706 3654 740 3741 in
762 3652 994 3717 festivitatibus
1016 3655 1112 3718 beate
1135 3659 1168 3715 et
1182 3648 1320 3736 gloriose
1337 3647 1389 3713 dei

194 3758 360 3843 genitricis
382 3757 486 3822 Maris
517 3754 640 3821 scilicet
670 3757 848 3821 nativitatis
876 3757 1135 3820 annunciationis
1158 3754 1389 3841 purificationis

194 3871 228 3927 et
258 3863 497 3947 assumptionis,
525 3863 628 3925 sancti
648 3859 850 3947 Mychahelis
873 3858 1071 3944 archangeli,
1094 3859 1261 3924 beatorum
1278 3858 1390 3924 Iohan-

196 3968 244 4031 nis
271 3965 412 4052 baptiste
440 3976 473 4031 et
495 3965 732 4049 ewangeliste,l
760 3972 872 4029 sancte
893 3964 997 4029 Maris
1020 3962 1225 4048 Magdalene,
1249 3962 1389 4047 singulo·

194 4093 267 4136 rum
282 4069 511 4157 apostolorum,
527 4069 696 4136 beatorum
712 4071 883 4135 martirum
894 4068 1050 4155 Stephani
1065 4068 1251 4151 Laurencii,
1267 4076 1390 4133 sancto·

195 4198 267 4242 rum
290 4176 510 4241 confessorum
525 4175 662 4260 Nycolai
677 4175 809 4240 Martini
825 4173 1010 4260 Egidiique,
1033 4173 1203 4239 beatarum
1226 4174 1389 4255 virginum

196 4281 377 4346 Katherine
390 4280 528 4365 Agnetis
545 4281 646 4346 Lucis
662 4278 808 4345 Barbare
823 4279 1010 4363 Margarete
1026 4288 1059 4343 et
1072 4280 1107 4343 in
1121 4277 1174 4342 die
1191 4277 1276 4342 dicte
1291 4276 1389 4341 ecole-

196 4388 243 4451 sie
262 4384 475 4450 dedicationis
491 4394 524 4449 et
539 4385 677 4469 patroni,
699 4384 938 4449 antedictarum
953 4382 1232 4467 festivitatumque
1247 4382 1389 4445 omnium

197 4624 264 4681 204.
304 4629 366 4681 bh.
386 4657 417 4667 -
436 4639 447 4663 ⁰
465 4628 515 4679 Am
533 4628 627 4681 Raude
645 4631 690 4680 ein
709 4629 834 4693 Zeichen,
853 4628 900 4679 das
918 4627 963 4679 die
980 4628 1009 4678 in
1027 4626 1075 4678 der
1091 4626 1169 4676 Mitte
1187 4624 1234 4676 der
1252 4625 1326 4676 Zeile
1344 4626 1390 4676 be·

196 4715 332 4780 ginnende
349 4717 495 4782 Dispositio
513 4717 628 4783 anaeigt.
