3400 5350
393 418 457 488 tlt

391 611 449 678 feti
479 611 599 680 domini
631 614 785 700 prepositi
813 615 998 679 executoris
1027 612 1151 679 eisdem
1172 612 1364 680 dominabus
1385 636 1445 679 seu
1469 615 1581 679 monia·

391 715 476 782 libus
497 720 529 783 in
552 720 615 784 mei
639 719 755 784 notarii
775 717 900 805 publici
921 728 954 784 et
975 720 1105 784 testium
1123 719 1399 806 infirascfipurum
1414 720 1581 806 presencia

392 822 597 905 [intim]svit·
628 822 806 910 publicavit
834 825 1010 889 insinuavit
1039 832 1137 910 etque
1164 822 1344 888 declaravit
1372 846 1412 889 ac
1443 845 1508 910 per
1534 845 1581 888 me

392 928 550 992 noterium
579 925 747 1013 publicum
775 926 1016 1014 infrascriptum
1044 929 1224 1015 presentsri
1249 928 1404 994 insinuari
1427 937 1463 993 et
1486 926 1581 992 notifr

391 1032 460 1096 cari
481 1030 559 1097 fecit
579 1029 645 1097 alta
666 1040 700 1097 et
720 1029 910 1118 intelligibili
932 1054 1023 1117 voce,
1048 1054 1185 1119 quarum
1207 1030 1339 1119 quidem
1355 1030 1581 1115 [litterarum]⁸

390 1133 637 1221 apostolicarum
652 1137 747 1201 unius
762 1134 915 1201 videlicet
928 1138 1075 1222 graciose
1090 1138 1284 1223 principium
1299 1145 1370 1201 erat
1388 1134 1471 1201 tale:
1494 1133 1582 1216 Fatue

390 1260 441 1306 nr.
460 1244 522 1306 779
535 1240 692 1306 temeri
723 1239 937 1324 [Litterarum
952 1241 1068 1325 verc]¹
1084 1242 1292 1307 executionis
1306 1241 1504 1327 principium
1520 1247 1582 1303 erat

390 1342 469 1410 tule:
492 1343 589 1428 Fotpt
609 1364 661 1409 nr.
679 1348 743 1410 780
756 1345 904 1412 iusserim
906 1394 1173 1412 .........
1196 1346 1390 1432 principium
1406 1354 1480 1410 erat
1493 1342 1580 1409 illud:

391 1448 486 1533 Fclgt
515 1469 565 1515 nr.
592 1452 654 1514 794
682 1448 839 1515 temet.
885 1447 1092 1536 Subscripcio
1120 1471 1199 1516 vere
1228 1451 1343 1515 notarii
1371 1447 1433 1514 fuit
1463 1446 1580 1514 illude

391 1552 493 1619 verbo
522 1552 565 1619 cd
595 1552 748 1619 verbum:
779 1563 812 1620 et
842 1575 903 1639 ege
933 1554 1094 1620 Iohannes
1117 1554 1268 1620 Werneri
1297 1553 1376 1619 alias
1398 1551 1579 1634 Eherbode,

392 1657 530 1723 clericus
551 1657 738 1724 Bremensis
760 1657 912 1745 dyocesis
913 1709 1341 1745 ..............
1365 1667 1399 1723 et
1426 1655 1580 1744 imperinli

390 1764 581 1829 auctoritate
611 1763 727 1830 notarii
755 1761 959 1849 publicarum
985 1762 1162 1830 litterarum
1184 1761 1432 1849 apostolicarum
1456 1783 1580 1848 presen-

390 1870 549 1934 tecionem
571 1870 797 1956 receptionem
820 1869 1067 1955 requisicionem
1088 1870 1311 1934 investituram
1332 1866 1525 1933 mandatum
1546 1917 1578 1930 ..

391 2023 823 2039 ..............
845 1971 1155 2060 subdelegaeienem
1177 1972 1390 2060 omnibusque
1414 2024 1421 2037 .
1448 2023 1456 2038 .
1482 2022 1491 2038 .
1516 2022 1523 2036 .
1546 2018 1578 2035 ..

392 2126 771 2163 .............
792 2079 1577 2164 ntpresenti............corampre

390 2182 456 2248 fsto
485 2181 667 2252 reverendo
697 2192 789 2269 patre
820 2192 854 2247 et
880 2182 1010 2250 dominc
1032 2184 1184 2269 episcope
1205 2180 1350 2248 Tudensi
1372 2190 1406 2246 et
1426 2204 1490 2269 per
1512 2202 1578 2246 eun

390 2287 507 2353 fierent
529 2295 561 2353 et
582 2296 719 2373 agerent
742 2336 1269 2354 .................
1289 2308 1425 2373 presens
1440 2284 1577 2352 interfuit

391 2412 495 2478 esque
525 2392 572 2456 sie
596 2441 995 2458 .............
1021 2401 1054 2457 et
1082 2390 1188 2457 ordini
1216 2389 1355 2477 ideoque
1377 2389 1420 2456 de
1444 2443 1452 2456 .
1478 2441 1487 2455 .
1512 2441 1519 2454 .
1542 2437 1576 2454 ..

392 2545 660 2561 .........
691 2493 1576 2582 liin.................propriamsnu

390 2597 434 2666 ad
449 2601 695 2688 requisieienem
712 2599 789 2668 dieti
805 2599 926 2666 domini
950 2598 1110 2689 Leupoldi
1134 2647 1575 2666 ...............

390 2707 438 2790 [in
468 2704 554 2771 hunc
581 2705 782 2792 publicem]·
812 2704 951 2772 formem
979 2705 1093 2792 redegi
1114 2708 1271 2792 signoque
1298 2715 1331 2771 et
1351 2707 1483 2771 nomine
1504 2705 1576 2769 meis

390 2809 1574 2897 solitissignaviintestimeniumet....................

391 2915 540 2981 dominus
561 2913 758 2983 Ohdnradus
780 2914 1013 3002 subdelegatus
1036 2923 1072 2980 ut
1087 2913 1264 3002 predicitur
1277 2914 1421 3001 prefatus
1437 2912 1575 2979 dominss

391 3021 695 3107 ..priorissemet
717 3068 921 3087 .......
945 3028 1573 3087 conventum...............

389 3126 534 3192 amonuit
554 3126 724 3212 requisivit
747 3174 1048 3193 ..........

432 3388 508 3456 798.
1143 3392 1535 3467 lssssugustzuwlen.

389 3578 559 3646 Mendesii
592 3578 742 3660 Setaea,
778 3577 941 3646 Passcuer
974 3577 1104 3662 official
1135 3581 1171 3644 is
1205 3578 1306 3660 Wien,
1343 3578 1499 3644 bestimmt
1528 3574 1573 3640 dit

389 3685 527 3765 Summe
556 3683 669 3750 welche
697 3683 748 3749 die
778 3682 1009 3767 Psarrlmhen
1037 3704 1078 3749 su
1107 3682 1203 3763 Nate,
1231 3682 1370 3749 θτᾱιιαιι
1391 3683 1460 3748 und
1481 3680 1570 3747 ntae

389 3794 459 3854 tem
488 3810 532 3853 an
561 3789 621 3854 das
643 3788 725 3871 Stin
747 3786 901 3872 desecte
925 3786 1068 3870 justet
1096 3809 1137 3852 su
1163 3787 1275 3854 saltim
1300 3787 1411 3869 haben,
1441 3787 1510 3853 end
1528 3803 1570 3849 re-

547 3999 616 4064 und
637 3997 772 4065 Roseae
793 3997 865 4063 ders
886 3998 968 4065 Abte
988 3998 1057 4064 tend
1078 3996 1235 4066 convente
1255 3996 1419 4064 desselbm

492 4194 575 4261 Cepis
593 4194 622 4245 in
640 4191 739 4244 Cede
756 4188 874 4244 tsos'f.
889 4189 942 4260 (Β).

493 4314 553 4382 Vgl.
572 4330 611 4365 nr.
631 4316 690 4366 796.

490 4485 682 4552 Leensrdus
704 4485 849 4571 seham,
879 4485 1068 4553 licencistus
1095 4489 1129 4552 in
1159 4485 1307 4570 decretis,
1337 4480 1565 4572 Ratispenensis

389 4599 422 4655 et
434 4591 634 4658 Putaviensis
658 4589 870 4656 eeclesiarum
893 4593 1078 4677 canonieus,
1101 4590 1246 4657 officialis
1262 4591 1351 4655 curie
1366 4587 1563 4666 Petsviensis,

388 3894 519 3960 serviert
541 3894 601 3959 das
622 3891 882 3959 Patrenatsreclst
903 3894 979 3959 tiber
1001 3892 1054 3958 die
1075 3892 1305 3959 fitistiim
1324 3914 1366 3959 su
1387 3890 1570 3958 Rabeastein

388 4704 543 4761 executor
564 4695 609 4761 ad
630 4694 835 4783 infrascripta
857 4717 878 4760 a
899 4694 978 4762 sede
1000 4695 1176 4784 apostolica
1199 4693 1380 4783 specialiter
1406 4693 1564 4782 dspuutu
1654 4792 1655 4813 Χ
