3400 5350
366 390 429 456 128

362 594 518 667 nostrum,
552 586 781 650 monasterium
812 586 930 670 ipsum,
963 605 1118 669 personas
1147 582 1270 649 ibidem
1300 583 1427 650 domino
1457 585 1557 651 famu·

365 690 468 756 lantes
491 706 566 755 cum
587 689 680 754 bonis
703 697 736 754 et
759 688 883 755 iuribus
906 690 982 772 suis,
1013 710 1077 775 que
1099 690 1181 753 iuste
1204 698 1316 755 tenent
1339 699 1372 753 et
1393 689 1559 775 possident

366 806 398 861 et
419 797 453 860 in
474 805 570 860 antea
593 796 675 859 iusto
698 795 903 881 aquisicionis
926 793 1017 858 titulo
1039 803 1190 878 poterunt
1210 792 1357 879 adipisci,
1381 793 1490 859 divine
1512 818 1559 860 re-

364 901 602 965 muneracionis
624 901 751 983 intuitu,
774 920 837 985 quo
860 920 1015 983 personas
1038 897 1099 963 deo
1123 897 1246 964 dicatas
1268 900 1470 984 respicimus,
1498 899 1557 964 sub

365 1013 508 1069 nostram
531 1014 564 1069 et
585 1004 711 1089 imperii
732 1004 966 1088 protectionem
981 1004 1163 1087 recepimus
1178 1001 1352 1088 specialem
1366 1003 1559 1068 mandantes

365 1119 397 1175 et
418 1111 633 1196 precipientes
656 1108 857 1173 universitati
879 1117 988 1172 nostre
1011 1107 1145 1172 firmiter
1167 1116 1200 1172 et
1222 1107 1376 1192 dutncte,
1400 1118 1559 1194 quatenus

366 1213 471 1280 nullus
495 1215 545 1297 sit,
568 1215 623 1299 qui
647 1211 769 1278 dictum
791 1211 946 1305 abbatem·
967 1234 1042 1277 cum
1064 1233 1122 1277 suo
1144 1214 1338 1277 monasterio
1362 1221 1394 1277 et
1413 1215 1559 1299 personis

366 1318 488 1384 ibidem
517 1317 579 1382 deo
608 1316 849 1401 famulantibus,
881 1339 979 1403 quam
1009 1315 1101 1382 bonis
1124 1326 1157 1381 et
1178 1316 1302 1381 iuribus
1325 1319 1400 1401 suis,
1424 1339 1489 1404 que
1511 1341 1559 1382 ra·

367 1422 566 1489 cionabiliter
593 1422 748 1508 possidet,
777 1432 943 1508 presumat
970 1431 1081 1487 contra
1103 1421 1198 1487 huius
1221 1424 1428 1507 protectionis
1450 1432 1559 1488 nostre

366 1537 511 1593 tenorem
533 1527 736 1613 aliquatenus
758 1526 937 1592 molestare.
969 1525 1067 1606 Quod
1090 1528 1146 1613 qui
1167 1528 1400 1612 presumpserit
1413 1526 1559 1611 indigna-

367 1634 494 1697 cionem
520 1634 620 1697 nostri
647 1632 794 1697 culminis
822 1653 858 1696 se
880 1634 1005 1697 noverit
1025 1632 1208 1696 incurrisse.
1254 1630 1310 1696 Ad
1333 1630 1427 1695 huius
1449 1633 1560 1717 itaque

367 1739 572 1823 protectionis
601 1746 709 1802 nostre
739 1738 928 1801 memoriam
958 1746 990 1800 et
1018 1735 1119 1801 robur
1144 1738 1364 1821 inposterum
1386 1735 1560 1800 valiturum

367 1863 500 1927 presens
528 1843 683 1927 scriptum
710 1840 781 1906 fieri
808 1851 841 1905 et
864 1839 966 1925 sigillo
987 1841 1165 1905 maiestatis
1186 1850 1295 1905 nostre
1317 1840 1454 1905 fecimus
1477 1862 1560 1905 oom-

367 1947 492 2011 muniri.
539 1946 662 2011 Datum
684 1944 772 2031 apud
788 1945 976 2031 Wyennam
998 1966 1083 2009 anno
1106 1943 1227 2009 domini
1248 1944 1415 2009 millesimo
1442 1943 1561 2010 ducen-

366 2053 479 2116 tesimo
501 2051 692 2116 trecesimob
716 2052 850 2136 septimo
873 2071 984 2115 mense
1006 2051 1152 2133 ianuarii,
1176 2048 1302 2114 decime
1324 2048 1516 2114 indictionis.

470 2242 497 2295 Β.
518 2242 679 2294 Friedrich's
699 2243 743 2308 11,
771 2242 934 2309 besehhdIgt,
961 2242 1112 2310 ungeffirbt.
1147 2241 1217 2294 Abb.
1237 2242 1283 2292 boi
1306 2242 1407 2304 Bessel,
1430 2242 1556 2293 chronic.

366 2331 502 2393 Gottwtc,
525 2330 590 2382 Tab.
612 2331 647 2382 ad
671 2332 732 2394 421,
761 2347 788 2381 u.
809 2332 929 2392 Hueber,
956 2330 1043 2381 Austr.
1067 2329 1224 2382 exseretis.
1241 2329 1315 2381 Meli.
1333 2329 1440 2394 illustr,
1464 2331 1560 2382 'reue

366 2435 406 2470 nr.
420 2421 437 2470 4
455 2418 630 2486 mangelhaft,

411 2661 488 2730 119.
1063 2665 1145 2725 1241
1162 2666 1275 2726 luner
1291 2665 1341 2733 18,
1358 2666 1517 2741 dittwotg.

366 2853 491 2936 Herrop
512 2854 683 2921 Friedrich
704 2854 753 2919 ΙΙ.
777 2853 924 2937 beottttiyt
946 2854 1016 2919 dem
1038 2853 1135 2936 Stifte
1157 2853 1205 2918 st.
1226 2852 1367 2918 Florian
1390 2853 1453 2919 alte
1475 2854 1559 2920 dem-

565 2958 667 3025 selben
688 2980 749 3024 ocu
770 2961 886 3025 sanem
909 2958 1007 3025 Voter
1027 2957 1222 3024 vatatam
1243 2956 1368 3023 Recita.

471 3150 608 3215 Datum:
653 3149 739 3215 Acta
768 3159 844 3214 sunt
873 3149 934 3214 hec
964 3171 1049 3215 anno
1079 3149 1201 3216 domini
1230 3147 1418 3233 MOOXL13
1451 3149 1563 3215 datum

367 3254 455 3340 apud
478 3253 680 3321 Ohotwicum
702 3254 777 3327 XV.
793 3253 955 3319 kalendas
977 3254 1142 3339 februarii,
1165 3253 1339 3320 indictione
1361 3254 1498 3341 ΧΠΠ.Ι

472 3464 555 3532 Copia
573 3467 602 3516 in
620 3466 709 3517 einem
727 3465 910 3533 Coptalbucho
927 3465 977 3517 auf
986 3466 1063 3532 Perg.
1076 3466 1113 3516 im
1127 3465 1274 3518 Stithsareh.
1289 3483 1323 3517 zu
1335 3467 1373 3519 st.
1385 3467 1497 3519 Florian
1511 3467 1561 3537 (Β).

472 3606 555 3669 seule,
573 3607 611 3659 St.
624 3607 741 3669 Florian,
759 3605 785 3661 S.
798 3608 862 3671 3113
883 3605 975 3658 0.·Oe.
988 3607 1144 3658 Urk-Bncb
1162 3607 1211 3672 III,
1231 3608 1264 3658 95
1282 3624 1321 3659 nr.
1335 3609 1376 3660 90.
1401 3635 1434 3646 ·-
1459 3608 1561 3671 chmel,

368 3696 423 3745 Der
441 3700 532 3746 osten.
545 3695 785 3747 Gesch.-Foreoher
801 3694 837 3756 11,
856 3694 1040 3746 Notizenblatt
1057 3697 1080 3757 1,
1099 3694 1297 3761 &boob-Bag.
1320 3711 1360 3746 nr.
1376 3696 1424 3760 483
1447 3695 1562 3757 Meiller,

368 3782 576 3849 Babenb.·Reg.,
595 3782 621 3834 S.
636 3784 685 3833 166
704 3798 744 3834 nr.
758 3783 798 3833 tt.

368 4044 431 4103 118.
473 4048 487 4081 ¹²
504 4047 534 4099 A.

368 4171 425 4223 rich
442 4171 476 4221 Π.
495 4185 590 4236 wegen
614 4170 703 4221 aeiner
724 4168 971 4220 ausschweifendeu
994 4168 1184 4220 Lebonsweiss
1205 4167 1343 4233 abgesetat
1365 4166 1419 4217 ond
1442 4167 1495 4218 in's
1513 4167 1564 4218 Go-

368 4260 476 4325 sangnis
497 4257 633 4325 gewort‘en
656 4256 755 4321 wurde,
778 4255 903 4308 ontbehrt
920 4256 999 4322 jeder
1022 4254 1265 4321 quellenmhseigen
1288 4253 1451 4320 Grundlage.
1488 4254 1563 4305 Auch

367 4347 412 4398 die
432 4346 619 4412 Vermuthuug
645 4345 764 4395 Karlin'e
791 4343 880 4411 (Font.
902 4347 926 4405 2,
954 4344 1029 4405 VIII,
1056 4342 1127 4409 307),
1155 4342 1215 4393 dass
1242 4341 1286 4392 die
1308 4342 1391 4393 durch
1409 4341 1461 4392 deu
1483 4342 1565 4392 Streit

368 4435 417 4485 mit
438 4434 499 4485 dem
517 4433 597 4486 sttfte
614 4433 667 4484 Rot
690 4439 759 4483 otwa
776 4431 996 4498 herbeigeftihrte
1014 4429 1170 4481 finanzielle
1188 4429 1324 4496 Nothlage
1342 4429 1388 4479 des
1406 4428 1500 4479 Stiftes
1517 4428 1564 4478 ihn

368 4521 419 4571 in’e
437 4522 586 4588 Gottngnie
603 4520 733 4587 gebracht
749 4520 829 4580 habe,
846 4521 883 4570 ist
899 4518 982 4569 durch
1001 4519 1101 4569 koinen
1119 4517 1205 4584 Beleg
1222 4521 1391 4568 nntersthtzt.
1419 4515 1457 4566 Ee
1476 4519 1564 4566 wiron

368 4608 521 4674 uberhaupt
542 4624 591 4659 vor
614 4609 695 4659 ullam
714 4608 758 4658 die
776 4608 882 4673 Preger
901 4622 936 4657 zu
954 4612 1081 4668 arduom,
1104 4622 1157 4657 von
1176 4604 1293 4657 welcher
1310 4604 1445 4656 Antorittt
1462 4603 1520 4654 und
1537 4604 1565 4652 in

368 4694 483 4746 welches
502 4696 652 4761 Gethngnis
670 4695 724 4746 Abt
741 4694 872 4746 Heinrich
884 4694 920 4744 II.
937 4693 1072 4760 geworlen
1091 4692 1191 4745 werde.
