3400 5350
350 389 413 456 578

351 583 534 669 diebusque
558 584 680 648 feriatis
704 584 757 649 vel
779 606 844 649 non
867 583 989 649 senatis
1011 586 1135 671 possint
1158 583 1301 650 sedendo
1324 583 1438 649 stando
1460 587 1549 649 omni

349 688 419 753 loco
452 690 538 753 omni
571 687 651 753 hora
680 691 850 774 presertim
881 687 1000 753 abhinc
1034 710 1135 774 nsque
1168 688 1212 753 ad
1245 686 1448 773 dominicam,
1481 713 1550 776 qua

350 802 517 858 cantatur:
541 814 677 877 exurge,
700 793 858 858 inclusive
882 794 1008 879 scriptis
1030 792 1083 858 vel
1106 795 1175 858 sine
1197 797 1333 881 scriptis,
1356 803 1451 879 prout
1467 796 1548 882 ipsis

349 896 518 983 placuerit,
542 906 671 962 servata
685 897 738 962 vel
758 919 822 962 non
845 906 976 962 servata
998 897 1101 962 forma
1121 897 1304 963 huiusmodi
1327 901 1548 985 compromissi

349 1024 448 1089 super
477 1001 540 1067 hoc
572 1000 713 1067 faciendi
744 1012 776 1066 et
807 1003 837 1066 ei
860 1000 1011 1067 addendo
1033 1002 1085 1067 vel
1108 1001 1283 1068 minuendo
1304 1002 1546 1089 interpretando

350 1105 549 1191 corrigendo,
586 1108 613 1172 si
647 1128 727 1192 opus
761 1106 866 1191 tirerit,
903 1100 1035 1172 causam
1068 1106 1156 1172 litem
1189 1109 1388 1193 questionem
1422 1116 1454 1172 et
1481 1108 1547 1173 alia

349 1209 538 1297 supradicta
568 1221 601 1276 et
631 1211 855 1297 dependencia
885 1233 928 1275 ex
958 1210 1081 1277 eisdem
1112 1220 1144 1276 et
1172 1214 1256 1277 inter
1284 1233 1343 1278 nos
1366 1222 1399 1277 et
1420 1222 1547 1300 partem

349 1316 524 1383 adversam
548 1316 662 1381 audire
685 1318 873 1381 examinare
896 1318 967 1382 iura
989 1316 1164 1402 spiritualia
1190 1326 1222 1382 et
1250 1316 1448 1403 temporalia,
1477 1340 1546 1383 mu-

348 1423 497 1486 nimenta
519 1423 666 1507 parcium
687 1430 784 1505 terre,
808 1420 1092 1505 consuetudinem,
1115 1421 1378 1487 informacionem
1400 1425 1546 1509 recipere

351 1528 383 1591 in
415 1524 534 1591 talibus
565 1525 689 1591 iuribus
718 1535 926 1612 expertorum
957 1528 1131 1592 terminare
1153 1525 1293 1591 diffinire
1314 1525 1477 1592 mediante
1499 1530 1546 1593 iu-

348 1632 442 1696 sticia
464 1640 497 1695 et
518 1633 623 1696 eciam
645 1629 832 1695 arbitrando
855 1629 1020 1695 laudando
1043 1629 1222 1696 ordinando
1243 1629 1453 1717 transigendo
1482 1630 1545 1697 dis-

352 1734 501 1823 ponendo
523 1735 575 1801 vel
598 1735 677 1800 alias
708 1734 947 1822 quomodolibet
975 1733 1135 1816 iaciendo,
1165 1746 1260 1821 prout
1281 1737 1359 1822 ipsis
1381 1735 1547 1802 videbitur

352 1840 520 1928 expedire,
544 1850 576 1905 et
597 1839 640 1905 ad
663 1839 850 1905 vallandam
873 1842 1137 1926 compromissum
1160 1839 1353 1924 huiusmodi,
1376 1839 1462 1926 quod
1484 1862 1545 1927 per

347 1967 402 2012 eos
432 1946 503 2011 fieri
534 1946 735 2030 contingerit,
766 1954 831 2009 tam
863 1946 1049 2031 pecuniaria
1078 1966 1176 2030 qnam
1207 1945 1270 2010 alia
1302 1947 1418 2030 quavis
1447 1968 1543 2031 pena,

347 2071 445 2136 quam
479 2051 583 2114 eciam
617 2048 866 2135 quibuscunque
899 2047 970 2114 aliis
1000 2047 1253 2135 obligacionibus
1280 2048 1544 2136 promissionibus

349 2165 381 2220 et
403 2153 536 2219 cautelis
564 2175 690 2219 necnon
722 2154 765 2219 ad
795 2153 981 2219 faciendum
1011 2176 1110 2240 super
1139 2154 1199 2218 hiis
1229 2175 1441 2240 quoscunque
1471 2176 1544 2219 con-

349 2268 472 2323 tractus
503 2257 722 2344 obligaciones
753 2269 785 2324 et
814 2260 1041 2344 promissiones
1072 2267 1104 2323 et
1133 2257 1196 2323 alia
1222 2257 1374 2345 quelibet,
1409 2281 1471 2345 que
1499 2258 1543 2324 ad

350 2363 533 2427 firmitatem
555 2364 784 2448 premissorum
807 2361 927 2427 inerint
946 2361 1106 2446 facienda,
1130 2364 1350 2448 promittentes
1366 2373 1398 2428 et
1412 2365 1544 2449 insuper

349 2469 589 2550 convenientes,
613 2466 699 2552 qnod
723 2488 781 2531 nos
803 2465 907 2531 abbas
930 2466 1096 2552 predictus
1119 2476 1152 2532 et
1174 2466 1309 2553 quilibet
1331 2476 1475 2533 noenum
1490 2490 1542 2533 ac-

348 2571 550 2659 ceptabimus
574 2579 606 2637 et
628 2573 821 2656 recipiemus
844 2580 878 2635 et
900 2592 1055 2656 expresse
1077 2571 1310 2637 ratificabimue
1340 2580 1373 2637 et
1403 2571 1541 2657 emulge-

348 2675 453 2742 bimns
483 2687 590 2742 ratum
622 2685 654 2741 et
683 2685 812 2763 gratum
839 2674 1032 2742 habebimus
1062 2675 1229 2742 arbitrium
1254 2675 1389 2744 laudum
1416 2699 1541 2765 compo

348 2783 502 2847 sicionem
524 2781 764 2847 ordinacionem
786 2790 819 2846 et
841 2779 999 2867 quidquid
1021 2802 1121 2867 super
1143 2783 1304 2866 premissis
1327 2803 1386 2847 seu
1400 2781 1542 2869 quolibet

347 2888 577 2973 premissorum
606 2885 694 2950 idem
722 2884 842 2951 domini
872 2884 989 2950 abitrib
1019 2895 1051 2950 et
1077 2885 1285 2951 arbitratores
1309 2884 1462 2953 duxerint
1483 2908 1541 2952 sen

349 2992 518 3057 statuerint
538 2989 724 3056 iaciendum
748 2989 873 3074 stillis,
897 3012 959 3076 qne
982 3011 1043 3077 per
1065 2988 1167 3055 dictos
1189 2987 1327 3055 arbitros
1351 2999 1383 3055 et
1408 2989 1540 3056 arbitra·

349 3105 436 3161 tores
466 3117 525 3161 seu
547 3094 734 3161 amicabiles
758 3096 985 3182 compositores
1008 3094 1095 3160 dicta
1118 3115 1175 3160 seu
1198 3094 1346 3161 ordinata
1368 3098 1539 3181 extiterint,

350 3199 539 3287 parebimus
569 3209 602 3264 et
630 3201 876 3285 acquiescemus
906 3201 1034 3265 omnino
1064 3197 1245 3285 obligantes
1279 3211 1451 3286 propterea
1482 3221 1540 3266 nos

348 3307 434 3390 ipsos
464 3307 496 3370 in
525 3303 661 3370 solidum
691 3307 798 3369 omnia
829 3313 862 3369 et
891 3304 1018 3390 singula
1045 3314 1155 3370 nostra
1181 3304 1268 3369 bona
1289 3303 1420 3370 mobilia
1442 3307 1539 3370 etin·

348 3408 488 3494 mobilia,
519 3411 689 3494 presencia
719 3417 751 3473 et
777 3408 896 3490 futura,
919 3409 1139 3474 ecclesiastica
1161 3418 1194 3473 et
1215 3407 1391 3494 mundana,
1414 3411 1538 3495 promit-

349 3523 454 3579 tentes
476 3536 535 3600 per
557 3513 800 3600 stipulacionem
822 3535 881 3599 pro
903 3512 995 3579 nobis
1019 3536 1058 3579 ac
1079 3523 1188 3579 nostro
1210 3516 1403 3580 monasterio
1425 3535 1539 3579 memo·

351 3628 422 3684 rato
452 3619 513 3685 sub
543 3641 638 3706 pena,
670 3640 767 3704 quam
799 3620 861 3705 ipsi
890 3617 1003 3684 arbitri
1033 3617 1188 3684 duxerint
1217 3617 1431 3705 statuendam,
1454 3618 1538 3706 quod

348 3745 407 3788 nos
437 3733 469 3788 et
500 3721 634 3809 quilibet
663 3732 807 3788 nostrum
836 3725 944 3788 omnia
974 3732 1006 3788 et
1035 3722 1170 3809 singula,
1201 3745 1265 3809 que
1288 3746 1347 3809 per
1369 3721 1472 3789 dictos
1493 3744 1539 3788 ar·

347 3826 447 3892 bitros
481 3836 514 3892 et
546 3825 754 3892 arbitratores
788 3848 845 3892 sau
879 3826 1066 3893 amicabiles
1100 3829 1328 3914 compositores
1362 3826 1537 3894 secundum

348 3932 485 3996 formam
518 3930 596 3996 dicti
631 3933 852 4018 compromissi
886 3931 972 3997 facta
1009 3930 1156 3996 ordinata
1191 3930 1348 3998 arbitrata
1384 3942 1417 3998 et
1454 3932 1538 3998 dicta

349 4059 447 4123 super
468 4037 632 4123 premissis
655 4035 708 4101 vel
730 4034 836 4122 aliquo
860 4037 1089 4123 premissorum
1112 4038 1285 4121 extiterint,
1309 4046 1381 4102 rata
1402 4047 1435 4103 et
1448 4045 1538 4123 grata

351 4139 545 4206 habebimus
579 4151 612 4205 et
645 4143 690 4206 eis
723 4143 967 4227 acquiescemus
998 4139 1291 4226 obtemperabimus
1325 4151 1358 4207 et
1389 4143 1421 4206 in
1455 4140 1538 4228 nullo

350 4248 631 4312 contraveniemus
660 4267 722 4311 neo
751 4244 792 4310 de
815 4247 885 4310 iure
907 4267 968 4310 nec
992 4246 1034 4310 de
1056 4245 1142 4311 facto
1164 4243 1341 4311 verbovel
1363 4267 1460 4332 opere
1481 4268 1538 4332 per

348 4372 405 4415 nos
439 4349 492 4415 vel
525 4352 728 4436 interpositas
761 4371 917 4436 personas
952 4350 1012 4415 sub
1046 4353 1138 4436 penis
1171 4350 1366 4437 perdicionis
1399 4353 1537 4417 omnium

346 4457 475 4539 iurium,
505 4477 569 4542 que
599 4458 633 4521 in
664 4453 750 4521 dicta
779 4453 885 4520 insula
914 4454 1085 4521 habuimus
1113 4465 1146 4521 et
1166 4455 1335 4540 habemus,
1368 4466 1400 4521 et
1422 4455 1536 4522 ducen-

348 4680 415 4736 655.
451 4685 464 4717 ⁵
482 4683 513 4733 A.
532 4687 597 4734 statt
614 4685 715 4734 arbitri.
