3400 5350
1290 419 1353 485 775

264 598 443 665 Bonifatius
472 602 651 689 episcopus,
686 626 799 669 servus
829 627 997 672 servorum
1028 607 1090 691 dei,
1125 610 1250 677 dilectis
1280 612 1352 679 filiis

161 706 333 768 conventui
363 708 545 771 monasterii
575 709 609 772 in
630 706 773 774 Ootwico
801 709 921 775 ordinis
944 715 1046 777 sancti
1068 713 1239 780 Benedicti
1260 716 1353 783 Pata·

160 809 279 872 viensie
303 807 437 875 diocesis
460 810 597 877 salutem
620 821 652 876 et
673 813 881 899 apostolicam
902 814 1171 884 benedictionem.
1203 820 1353 908 Suscepti

160 935 238 978 cura
260 915 424 999 regiminis
448 937 504 980 cor
526 926 671 982 nostrum
693 921 844 984 continua
866 919 973 1004 pulsat
992 923 1154 1008 instantia,
1186 935 1221 990 ut
1251 925 1353 990 solici-

159 1017 278 1083 tudinis
302 1017 457 1104 debitum,
480 1020 525 1085 ad
546 1022 633 1107 quod
655 1025 814 1088 universis
836 1023 923 1089 orbis
944 1026 1089 1091 ecclesiis
1105 1038 1137 1093 et
1152 1033 1352 1095 monasteriis

159 1144 216 1187 nos
239 1123 412 1209 apostolice
435 1127 597 1191 servitutis
619 1130 795 1193 necessitas
811 1127 941 1213 obligat,
964 1152 1074 1197 eorum
1089 1133 1234 1218 singulis,
1257 1145 1353 1220 prout

158 1226 251 1293 nobis
275 1251 317 1292 ex
340 1229 403 1295 alto
428 1230 625 1316 conceditur,
649 1230 838 1297 exolvamus
861 1235 895 1298 in
918 1256 956 1299 eo
972 1237 1145 1320 potissime,
1168 1248 1203 1302 ut
1224 1238 1351 1304 illorum

157 1334 324 1417 regimina,
348 1336 414 1420 que'
434 1336 570 1420 propriis
592 1345 668 1401 sunt
690 1335 841 1403 destituta
856 1338 1047 1424 pastoribus,
1070 1344 1215 1426 personis
1233 1343 1351 1408 talibus

158 1440 407 1523 committantur,
434 1462 494 1526 per
517 1463 653 1526 quorum
675 1444 820 1527 regimen
843 1453 877 1508 et
899 1443 1060 1511 solertiam
1084 1448 1351 1535 circumspectam

158 1543 294 1607 ecclesie
326 1553 358 1608 et
386 1548 581 1611 monasteria
605 1547 677 1632 ipsa
699 1546 905 1634 spiritualiter
927 1558 960 1613 et
982 1551 1199 1636 temporaliter
1222 1552 1351 1619 valeant

156 1646 322 1733 adaugeri.
360 1648 495 1716 Dudum
517 1651 676 1737 siquidem
699 1651 863 1739 quondam
879 1653 988 1719 Vlricc
1011 1654 1180 1741 monacho,
1202 1667 1279 1723 tunc
1294 1658 1349 1723 ab·

156 1750 232 1817 bate
261 1757 445 1819 monasterii
475 1758 573 1821 nostri
603 1757 751 1840 regimini
774 1757 919 1822 eiusdem
941 1762 1125 1824 monasterii
1153 1761 1349 1846 presidente,

155 1857 258 1923 felicis
288 1860 518 1925 recordationis
546 1860 700 1927 Vrbanus
729 1884 817 1948 papa
839 1863 897 1928 VI.
925 1863 1138 1949 predecessor
1166 1877 1276 1945 noster
1304 1871 1349 1932 in·

155 1962 294 2028 tendens
324 1963 431 2028 eidem
460 1968 664 2050 monasterio,
695 1989 768 2032 cum
798 1976 941 2050 vacaret,
971 1990 1030 2054 per
1059 1968 1234 2055 apostolice
1264 1970 1349 2036 sedis

155 2067 392 2151 providentiam
407 2068 517 2135 utilem
532 2079 565 2134 et
579 2069 741 2157 ydoneam
755 2071 922 2157 presidere
937 2093 1118 2157 personam,
1134 2076 1349 2160 provisionem

157 2173 301 2238 eiusdem
323 2177 508 2241 monasterii
531 2175 722 2242 ordinationi
745 2187 778 2242 et
800 2176 998 2263 dispositioni
1013 2187 1093 2243 sue·
1112 2189 1145 2242 et
1161 2178 1245 2244 dicte
1261 2180 1348 2246 sedis

156 2300 195 2341 ea
223 2281 295 2344 vice
325 2281 508 2366 specialiter
536 2285 717 2348 reservavit
747 2280 954 2348 decernendo
985 2306 1028 2348 ex
1057 2293 1135 2349 tunc
1164 2286 1289 2350 irritum
1317 2296 1350 2351 et

156 2383 262 2469 inane,
293 2387 319 2449 si
349 2407 443 2450 secus
472 2408 571 2474 super
599 2387 661 2452 hiis
690 2410 750 2472 per
780 2409 990 2474 quoscunque
1022 2390 1136 2474 quavis
1158 2392 1348 2456 auctoritate

156 2489 296 2553 scienter
318 2488 370 2554 vel
392 2492 579 2575 ignoranter
599 2495 798 2577 contingeret
819 2494 1013 2578 attemptari.
1048 2492 1253 2558 Postmodum
1271 2516 1349 2559 vero

157 2591 243 2658 dicto
273 2597 464 2659 monasterio
494 2617 537 2660 ex
567 2618 605 2660 eo
634 2606 782 2680 vacante,
814 2594 923 2684 quodl
954 2596 1058 2660 dictus
1081 2596 1211 2662 Vlricus
1234 2597 1348 2663 eodem

157 2698 387 2785 predecessore
416 2702 449 2765 in
479 2700 627 2766 humanis
653 2711 771 2788 agente
794 2703 880 2767 omni
902 2703 1070 2788 regimini⁰
1095 2712 1127 2766 et
1148 2702 1349 2769 administra-

157 2805 255 2870 tioni‘¹
278 2808 377 2892 ipsius
400 2807 584 2872 monasterii
598 2809 708 2889 nostri,
733 2809 784 2871 cui
799 2818 876 2872 tunc
891 2816 1029 2894 preerat,
1052 2808 1085 2870 in
1101 2805 1248 2871 manibus
1265 2807 1348 2872 bone
1380 2813 1381 2816 ’

157 2913 310 2976 memorie
332 2911 485 2977 Iohannis
516 2913 657 2998 episcopi
678 2912 880 2977 Pataviensis
908 2922 1001 2977 extra
1023 2911 1203 2977 Romanam
1226 2914 1346 2978 curiam

157 3015 259 3081 libere
282 3039 321 3081 ac
343 3027 456 3103 sponte
479 3019 576 3081 cessit
597 3016 749 3103 idemque
772 3018 944 3102 episcopus
965 3018 1143 3082 cessionem
1165 3015 1347 3082 huiusmodi

158 3131 252 3185 extra
284 3121 422 3187 eandem
456 3123 578 3187 curiam
611 3123 799 3187 auctoritate
836 3121 999 3187 ordinaria
1033 3121 1163 3186 admisit
1196 3121 1348 3208 dictoque

157 3226 387 3311 predecessore
410 3250 468 3313 per
491 3235 585 3292 eum⁰
610 3225 715 3291 eidem
738 3228 930 3291 monasterio
954 3248 1017 3291 non
1033 3228 1171 3313 proviso,
1195 3229 1278 3291 sicut
1293 3226 1346 3292 do·

157 3334 242 3396 mino
272 3332 402 3417 placuit,
432 3331 474 3396 ab
502 3331 564 3396 hac
590 3330 662 3396 luce
690 3330 864 3396 subtracto.
909 3331 977 3396 Nos
1000 3330 1110 3395 divina
1133 3331 1262 3395 favente
1286 3330 1347 3395 cle·

156 3437 293 3502 mentia¹
319 3436 361 3501 ad
384 3438 532 3521 apicem‘
554 3438 670 3501 summi
692 3435 887 3522 apostolatus
903 3437 1058 3522 assumpti
1074 3434 1117 3499 ad
1132 3436 1346 3520 provisionem

155 3543 253 3628 ipsius
277 3544 460 3607 monasterii
483 3541 622 3607 celerem
642 3551 674 3607 et
689 3540 825 3626 felicem,
849 3540 891 3605 de
907 3563 972 3627 qua
986 3539 1091 3605 nullus
1107 3548 1216 3625 preter
1231 3540 1346 3606 Roma-

157 3671 233 3712 num
255 3647 439 3733 pontificem
462 3668 500 3710 ea
523 3648 594 3710 vice
620 3644 789 3731 disponere
812 3653 983 3731 potuerat⁸
1006 3666 1112 3731 neque
1128 3653 1275 3729 poterat⁸
1298 3669 1346 3710 re·

156 3754 335 3817 servatione
359 3762 391 3816 et
414 3750 544 3816 decreto
567 3749 794 3815 obsistentibus
823 3747 1025 3835 supradictis,
1053 3771 1094 3814 ne
1117 3751 1345 3815 monasterium

155 3859 260 3943 ipsum
290 3856 415 3943 prolixe
444 3856 620 3919 vacationis
651 3863 869 3940 exponeretur
894 3851 1114 3936 incommodis,
1145 3855 1287 3939 paternis
1314 3864 1346 3919 et

156 3964 284 4038 solicitis
314 3960 426 4026 studiis
456 3959 660 4025 intendentes
686 3969 759 4045 post
785 3958 1059 4042 deliberationem,
1091 3980 1187 4045 quam
1211 3957 1252 4022 de
1275 3981 1345 4045 pre·

155 4066 293 4134 ficiendo
316 4065 422 4131 eidem
444 4066 636 4131 monasterio
651 4086 822 4150 personam
845 4062 956 4128 utilem
978 4084 1017 4127 ac
1036 4063 1132 4127 etiam
1148 4062 1344 4127 fructuosam

155 4196 229 4237 cum
251 4170 406 4236 fratribus
427 4171 543 4234 nostris
565 4168 737 4234 habuimus
761 4168 956 4252 diligentem,
980 4165 1110 4232 demum
1133 4165 1175 4230 ad
1192 4165 1344 4232 dilectum

154 4275 255 4341 lilium
276 4275 455 4341 Iohannem
474 4273 678 4339 Radendorff
695 4272 860 4356 abbatem,
884 4269 1078 4336 monachum
1099 4280 1177 4334 tunc
1199 4269 1344 4336 eiusdem

154 4383 253 4445 nostri
275 4381 459 4447 monasterii
482 4379 628 4444 ordinem
650 4382 755 4464 ipsum
778 4397 934 4463 expresse
949 4374 1130 4461 professum
1144 4383 1177 4439 et
1191 4377 1224 4439 in
1239 4396 1344 4439 sacer-

155 4626 220 4681 859.
258 4618 1344 4678 *eanfRasua-bdanlltasua-0dasletateiaufRasur.-⁶das

154 4716 234 4766 letate
247 4718 257 4764 ι’
268 4714 316 4765 auf
326 4716 420 4765 Rasnr.
439 4742 470 4750 -
490 4723 501 4746 ⁰
513 4713 562 4763 ani
573 4713 666 4763 Rasnr.
686 4740 719 4749 —
738 4712 749 4745 f
758 4729 771 4761 r
783 4711 832 4761 aul
841 4711 934 4760 Rasur,
955 4736 987 4746 —
1006 4707 1178 4759 smeilvoise
1190 4705 1239 4757 auf
1250 4707 1344 4759 Rasur.
