3400 5350
1288 426 1353 492 649

160 628 226 695 tulo
255 629 310 694 vel
340 626 508 715 quibusvis
537 626 607 693 aliis
638 627 850 692 communiter
879 624 932 691 vel
961 623 1089 690 divisim
1111 623 1154 689 ab
1176 622 1291 689 eadem
1314 625 1355 688 sit

161 733 239 800 sede
268 732 438 817 indultum,
466 730 553 819 quod
583 730 626 797 ad
655 732 881 817 recepcionem
902 728 957 795 vel
979 730 1196 816 provisionem
1218 727 1354 794 alicuius

161 839 290 904 minime
313 847 484 903 teneantur
506 846 538 902 et
560 836 604 901 ad
625 835 660 901 id
683 834 830 922 compelli
852 844 908 900 aut
931 833 1021 921 quod
1038 833 1186 900 interdici
1201 832 1354 919 suspendi

160 943 214 1008 vel
243 944 520 1009 excommunicari
541 963 605 1006 non
629 942 751 1028 possint
774 939 925 1028 quodque
948 938 991 1005 de
1014 939 1182 1005 beneficiis
1206 939 1354 1004 ecclesia·

162 1050 248 1113 sticis
284 1047 327 1113 ad
361 1069 472 1113 eorum
507 1045 715 1111 collacionem
749 1044 802 1111 vel
831 1047 1048 1132 provisionem
1079 1047 1272 1110 coniunctim
1302 1044 1356 1110 vel

162 1154 341 1247 separatim
366 1150 587 1238 spectantibus
613 1149 692 1215 nulli
721 1150 830 1215 valcat
859 1149 1024 1237 provideri
1053 1172 1112 1236 per
1137 1150 1259 1215 litteras
1281 1171 1355 1235 apo·

162 1256 290 1322 stolicas
313 1278 377 1322 non
400 1256 556 1321 facientes
577 1254 707 1341 plenam
731 1265 763 1321 et
786 1278 975 1342 expressam
998 1278 1037 1322 ec
1053 1254 1095 1321 de
1110 1256 1211 1321 verbo
1227 1255 1268 1321 ad
1285 1277 1356 1320 ver·

161 1360 239 1426 bum
270 1359 311 1425 de
341 1360 464 1425 indulto
494 1358 677 1425 huiusmodi
707 1362 910 1426 mencionem
941 1370 973 1425 et
1002 1359 1146 1447 qualibet
1175 1360 1239 1426 alia
1270 1360 1355 1428 dicte

163 1465 248 1531 sedis
270 1464 478 1552 indulgencia
497 1464 644 1550 generali
665 1464 718 1530 vel
740 1465 882 1552 speciali,
906 1468 1137 1553 cuiuscumque
1159 1469 1278 1533 tenoris
1301 1491 1356 1533 ex·

162 1572 262 1655 sistat,
293 1592 353 1656 per
382 1591 481 1656 quam
509 1570 714 1655 presentibus
743 1594 808 1637 non
838 1592 1029 1666 expressam
1058 1571 1109 1636 vel
1130 1571 1270 1636 totaliter
1290 1594 1356 1637 non

161 1682 316 1746 insertam
339 1679 473 1746 effectus
496 1701 609 1744 earum
623 1676 771 1765 impediri
786 1676 896 1742 valeat
909 1674 1150 1763 quomodolibet
1164 1675 1218 1741 vel
1233 1676 1356 1742 differri

163 1794 195 1850 et
217 1785 259 1850 de
282 1807 347 1872 qua
370 1787 526 1871 cuiusque
548 1794 613 1849 toto
640 1792 752 1848 tenore
783 1780 936 1847 habenda
967 1784 1007 1846 sit
1035 1783 1069 1847 in
1099 1783 1215 1846 nostris
1244 1781 1356 1848 litteris

162 1893 288 1956 mencio
311 1889 469 1976 specialis.
507 1889 665 1956 Volumus
687 1897 806 1972 autem,
829 1885 916 1974 quod
939 1889 1023 1953 situ
1045 1898 1212 1973 presentes
1234 1887 1356 1953 litteras

163 2017 227 2060 non
256 1997 398 2082 potueris
428 2016 486 2060 seu
508 1993 648 2059 volueris
672 1994 801 2080 exequi,
826 1990 933 2057 dilecti
955 1992 1022 2078 filii,
1045 1995 1225 2080 prepositus
1249 2003 1282 2058 et
1304 1992 1357 2058 de-

164 2121 265 2165 canus
295 2098 431 2164 ecclesie
462 2101 603 2165 omnium
633 2107 818 2164 sanctorum
841 2098 875 2163 in
891 2097 1033 2163 Wienna
1055 2099 1256 2165 Pataviensis
1280 2098 1355 2186 dyo·

164 2206 245 2269 cesis
276 2204 398 2269 litteras
427 2206 514 2292 ipsas
544 2227 584 2270 ac
611 2207 718 2269 omnia
741 2213 774 2269 et
795 2202 922 2290 singula
944 2205 976 2268 in
1001 2206 1046 2269 eis
1070 2214 1220 2270 contenta
1243 2227 1358 2271 secun·

164 2307 242 2373 dum
271 2319 452 2374 nostrarum
483 2308 663 2374 litterarum
689 2318 835 2374 tenorem
866 2310 983 2394 exequi
1006 2310 1129 2395 possint
1152 2318 1184 2374 et
1206 2308 1357 2397 debeant,

163 2435 261 2500 super
290 2435 354 2500 quo
384 2416 430 2479 eis
460 2422 571 2479 tenore
600 2413 805 2501 presencium
835 2412 1023 2479 mandatum
1054 2413 1169 2480 damus
1200 2424 1232 2481 et
1254 2416 1357 2481 eciam

163 2527 353 2603 potestatem
383 2529 416 2583 et
441 2519 573 2605 insuper
595 2518 729 2605 prefatis
752 2520 912 2604 preposito
935 2517 1061 2584 decano
1084 2528 1116 2584 et
1138 2519 1288 2606 capitulo,
1315 2543 1357 2586 ne

164 2621 205 2687 de
228 2622 418 2689 -huiusmodi
447 2622 606 2689 beneficio
636 2624 765 2689 interim
788 2625 893 2688 eciam
914 2631 989 2689 ante
1012 2625 1264 2692 insinuacionem
1286 2647 1357 2713 pre·

164 2729 308 2793 sencium
330 2738 362 2793 et
383 2749 594 2815 processuum
615 2751 675 2814 per
697 2749 753 2793 eas
774 2727 958 2793 habitorum
980 2730 1026 2793 eis
1049 2730 1178 2816 factam,
1201 2733 1261 2797 uisi
1275 2741 1357 2817 post

164 2853 261 2918 quam
292 2833 353 2916 ei[s
383 2831 603 2918 c]onstiterit,b
634 2832 721 2920 quod
753 2832 841 2899 idem
872 2832 1010 2899 clericus
1033 2834 1228 2901 beneficium
1250 2828 1357 2902 liuius·

162 2935 250 3002 modi
291 2947 465 3023 acceptare
501 2936 648 3020 noluerit,
688 2935 860 3023 disponere
898 2938 1123 3025 quoquomodo
1159 2949 1357 3028 presumant,

164 3040 345 3106 districcius
374 3040 559 3108 inhibemus
590 3041 803 3107 decernentes
833 3043 958 3108 irritum
981 3044 1063 3128 [et]b
1085 3046 1190 3130 inane,
1215 3048 1242 3111 si
1264 3068 1359 3112 secus

164 3167 262 3231 super
283 3147 447 3233 premissis
471 3169 491 3210 a
513 3168 675 3234 quoquam
698 3148 813 3233 quavis
835 3149 1027 3213 auctoritate
1046 3152 1185 3215 scienter
1204 3149 1257 3216 vel
1271 3153 1358 3237 igno

163 3260 274 3316 ranter
289 3253 459 3337 contigerit
474 3254 666 3339 attemptari.
697 3252 820 3318 Datum
835 3251 938 3318 Rome
953 3253 1041 3340 apud
1057 3254 1212 3321 Sanctum
1227 3255 1359 3322 Petrum

164 3353 324 3438 i[dibus]b
346 3358 432 3441 maii,
456 3354 660 3444 pontificatus
682 3359 782 3423 nostri
805 3379 890 3423 anno
912 3360 1025 3445 primo.

209 3607 286 3677 721.
1080 3614 1162 3675 1378
1178 3618 1246 3675 luni
1263 3617 1315 3676 29.

267 3782 364 3849 Hoos
384 3804 445 3849 oon
465 3782 679 3869 Hyppeldarf,
703 3783 841 3868 Psarrer
863 3806 905 3850 aa
919 3785 1030 3867 Nadab,
1051 3786 1124 3870 pelet
1144 3788 1205 3853 mit
1219 3787 1360 3853 Heroden

165 3887 218 3954 des
241 3886 390 3972 Biscbefs
411 3887 561 3955 Albrccbt
582 3909 642 3954 coo
664 3887 799 3955 Passaw
821 3891 881 3954 mit
902 3889 1020 3973 Propst
1042 3890 1186 3973 Leatold
1210 3893 1279 3958 dem
1293 3891 1359 3958 De·

165 3993 277 4058 abacta
299 3993 444 4076 Leapold
469 3994 537 4059 aod
558 3995 629 4059 dem
652 3993 806 4061 Convente
828 3997 883 4061 des
905 3995 1019 4078 Stiftes
1041 3996 1090 4062 St.
1106 3995 1219 4063 Putes
1241 3997 1360 4081 folpert-

166 4097 227 4162 dea
248 4097 372 4164 Turseli
402 4101 469 4164 ein:
496 4118 531 4162 er
557 4098 658 4182 bcpibt
685 4099 752 4165 sich
778 4120 819 4164 su
842 4098 987 4166 θ-ιιηεΐεπ
1009 4101 1064 4166 der
1086 4100 1295 4183 Psarrlrircbc
1319 4123 1361 4167 sa

166 4200 251 4268 Sunt
276 4201 402 4284 Steffoa
435 4202 616 4268 aassmbulb
647 4204 703 4269 der
731 4203 939 4271 Stadtmauer
967 4227 1008 4270 su
1037 4206 1118 4272 Rets
1147 4227 1278 4273 sameas
1304 4207 1361 4272 der

166 4305 375 4389 Psorrlcircbe
396 4328 437 4372 su
458 4306 558 4372 Nalib
582 4307 663 4373 aller
684 4310 787 4375 edne
802 4309 1007 4393 pfarrliclaea
1028 4311 1145 4377 Rechts
1166 4312 1232 4394 aas
1240 4311 1361 4389 Lecton

166 4410 235 4475 aad
265 4408 388 4476 Gatea
417 4411 453 4475 ia
482 4411 539 4476 der
567 4410 665 4479 aaut
693 4413 784 4494 Rata,
815 4417 875 4480 soie
903 4417 951 4480 eie
979 4417 1024 4479 im
1054 4415 1273 4499 Barpfriedco
1305 4417 1361 4481 der

167 4513 264 4580 Stadt
279 4515 361 4598 jetst
382 4516 555 4599 umfarsqea
576 4516 660 4598 aad,
683 4519 751 4583 wod
773 4518 855 4585 aaa
876 4520 913 4584 io
934 4520 995 4585 deo
1015 4520 1204 4586 Vorstccrea
1225 4520 1363 4587 daselbat

169 4738 233 4795 22⁰.
273 4745 286 4778 b
303 4744 385 4796 Fehlt
402 4743 503 4810 infulge
520 4745 596 4796 eines
613 4744 713 4798 Risses.
