3400 5350
340 424 405 488 262

340 637 419 681 vero
439 614 524 680 infra
543 613 763 680 sacerdocium
779 616 962 680 constitutis
977 614 1193 701 explentibus,
1213 637 1277 701 que
1293 624 1369 680 sunt
1383 616 1533 701 superius

340 718 494 784 adnotata
523 720 579 803 ita,
613 718 700 805 quod
734 718 847 784 eodem
883 719 935 783 die
965 729 1104 805 quatuor
1133 719 1298 806 prebende
1328 719 1532 785 dominorum

341 823 537 911 pauperibus
559 825 593 888 in
616 823 796 890 remedium
820 835 853 890 et
875 823 1023 889 levamen
1046 826 1189 889 omnium
1209 824 1351 890 fidelium
1368 823 1534 890 defuneto·

340 950 412 994 rum
443 928 620 1014 plenariter
650 928 839 1012 largiantur,
870 927 1015 994 volentes
1045 930 1157 1010 eriam,
1187 938 1225 993 ut
1250 929 1410 993 festivitas
1430 930 1534 993 nostri

343 1033 523 1099 fundatoris
554 1032 707 1099 videlieet
735 1033 823 1098 beati
845 1032 1014 1098 Altmauni
1043 1032 1178 1118 singulis
1205 1034 1298 1098 annis
1320 1033 1445 1116 eodem,
1468 1054 1534 1119 quo

341 1139 519 1204 ooourrerit
539 1137 602 1220 die,
626 1137 713 1223 apud
729 1160 788 1203 vos
803 1159 878 1202 oum
894 1148 1017 1224 septem
1032 1136 1207 1203 luminibus
1221 1147 1406 1223 peragatur,
1428 1136 1536 1201 fratri·

341 1242 403 1308 bus
426 1264 557 1329 quoque
580 1240 622 1307 de
645 1241 779 1327 collegio
802 1242 1017 1307 existentibus
1032 1253 1156 1329 septem
1171 1241 1295 1307 fereula
1309 1241 1535 1306 administren-

340 1358 402 1413 tur.
443 1346 498 1412 Ad
530 1346 592 1411 hoo
621 1346 707 1411 idem
738 1346 923 1412 faciendum
953 1369 1028 1412 oum
1057 1346 1176 1412 festum
1205 1346 1292 1411 beati
1322 1344 1535 1411 Oholomanni

341 1452 522 1516 oeourrerit
550 1452 652 1516 vestri
682 1453 820 1537 patroni,
849 1473 910 1516 nos
938 1450 1166 1516 inviolabiliter
1192 1449 1381 1535 obligamus.
1427 1449 1470 1514 Et
1491 1472 1535 1515 ne

344 1556 405 1621 hee
427 1556 641 1620 fraternitatis
663 1566 819 1642 perpetue
841 1557 1007 1622 internos
1029 1566 1062 1620 et
1084 1577 1142 1620 vos
1164 1556 1346 1621 eoniunotio
1368 1555 1410 1620 ab
1425 1554 1535 1641 aliquo

340 1662 560 1745 inposterum
584 1660 692 1726 valeat
713 1662 834 1726 irritari
862 1660 915 1726 vel
929 1663 963 1725 in
978 1660 1172 1726 oblivionem
1188 1659 1328 1744 devolvi,
1350 1671 1534 1747 presentem

341 1767 493 1851 peginam
516 1764 610 1830 vobis
633 1763 748 1830 damus
771 1763 948 1849 sigillorum
971 1775 1154 1830 nostrornm
1170 1765 1286 1829 robore
1302 1765 1534 1830 communitam

340 1870 395 1955 ita,
425 1868 512 1955 quod
543 1890 639 1934 versa
668 1870 740 1933 vioe
769 1869 863 1934 nobis
893 1869 1016 1935 litteras
1047 1870 1164 1934 vestris
1187 1868 1300 1953 sigillis
1321 1870 1462 1934 munitas
1485 1891 1535 1934 re·

340 1973 474 2038 mittatis
490 1974 743 2039 oonvenoionem
758 1974 971 2038 fraternitatis
986 1974 1171 2040 huiusmodi
1186 1973 1424 2040 confirmantes.
1447 1973 1534 2039 Aeta

340 2088 416 2143 sunt
438 2087 546 2143 autem
569 2078 630 2142 heo
651 2100 736 2143 anno
756 2076 879 2144 domini
894 2076 1076 2158 MCCCXI,
1099 2091 1214 2165 quarto
1230 2100 1331 2144 nonas
1346 2079 1534 2145 novembris

340 2184 373 2246 in
396 2182 449 2248 die
471 2183 574 2247 saneti
597 2182 766 2248 Eustaohii
788 2185 929 2248 martiris
952 2194 986 2248 et
1009 2185 1169 2249 sociorum
1192 2185 1271 2249 eius.

443 2375 465 2427 1.
483 2376 510 2428 8.
525 2376 549 2427 d.
562 2376 645 2427 Abtos
657 2377 737 2427 Peter
748 2376 770 2427 I.
782 2393 808 2427 v.
822 2376 965 2444 Gottweig,
977 2377 1109 2443 spitzoval
1122 2377 1166 2444 (59
1176 2395 1183 2428 :
1195 2374 1250 2446 lo),
1268 2377 1327 2428 roth
1340 2377 1389 2429 auf
1398 2377 1535 2442 Solstissel,

340 2462 481 2524 mana,
504 2463 558 2530 vgl.
572 2479 612 2514 nr.
625 2464 676 2514 248
695 2463 785 2530 Siogel
809 2464 830 2515 1.
850 2492 883 2501 -
906 2464 941 2514 11.
971 2464 1134 2531 Gottweiger
1155 2464 1371 2531 Conventsiegel,
1393 2466 1537 2532 spitaoval,

340 2544 492 2616 ungeftrbt,
509 2550 537 2601 11
548 2550 579 2601 B.
614 2550 683 2602 abb.
697 2551 741 2602 bei
759 2550 840 2613 Sava,
858 2552 948 2617 Sisgel
967 2552 992 2601 d.
1004 2552 1127 2613 Abteien,
1146 2552 1171 2603 S.
1185 2554 1227 2619 82,
1246 2553 1304 2619 Εἰς.
1318 2553 1342 2603 8.

384 2812 462 2881 aba.
1320 2817 1360 2899 [ο.
1379 2818 1489 2900 ra11.]

443 3004 507 3069 Hio
529 3014 578 3070 est
600 3027 727 3089 census,
757 3027 854 3091 quem
885 3006 1045 3071 servimus
1068 3005 1110 3071 de
1132 3008 1224 3070 ouria
1245 3014 1356 3071 nostra
1380 3007 1532 3074 Hedreis·

338 3109 406 3174 torf
417 3117 494 3191 eto.;
514 3111 591 3175 item
607 3109 714 3175 villioo
730 3109 1001 3177 Ohotwioensium
1018 3110 1059 3176 de
1075 3109 1280 3177 Obambarn¹
1297 3112 1366 3178 XII
1381 3110 1530 3179 denarios

339 3210 380 3277 de
402 3214 457 3277 via
477 3215 512 3278 in
534 3212 748 3300 Gaizperoh².

441 3405 611 3456 Urb.·Verm.
630 3407 667 3456 im
684 3406 767 3458 Liber
789 3407 891 3459 fundat.
904 3415 1015 3459 monast
1028 3408 1130 3471 Zwetl„
1152 3408 1215 3460 Coo
1235 3409 1285 3461 auf
1300 3411 1377 3478 Perg.
1397 3412 1433 3463 im
1451 3414 1533 3465 Stifte

338 3492 433 3543 Zvvettl
452 3491 469 3541 f.
486 3493 535 3542 160
553 3492 684 3544 Columna
702 3496 726 3545 2.

442 3616 519 3666 Frast
536 3615 565 3665 in
583 3615 660 3666 Fonl.
674 3618 699 3678 2,
717 3616 766 3678 ΠΙ,
784 3616 843 3666 566.

381 3874 464 3943 261).
904 3882 987 3940 1312
1003 3883 1133 3942 februar
1149 3883 1199 3952 ro,
1216 3879 1272 3962 [st
1285 3882 1483 3964 lambrecht}

441 4067 506 4132 Aba
520 4066 601 4148 Otto,
624 4066 769 4133 Gnatae
790 4069 845 4133 der
860 4068 957 4134 Prior
978 4070 1047 4134 aad
1065 4069 1123 4134 der
1138 4070 1275 4137 masaa
1290 4093 1350 4137 oon
1363 4072 1412 4139 St.
1428 4073 1528 4139 Lana·

338 4171 441 4237 breeht
455 4172 491 4236 la
506 4173 562 4237 cler
576 4172 768 4255 Solabwrper
782 4171 913 4239 Dictaeae
926 4174 1090 4240 eolaliemen
1104 4176 1163 4241 ma
1177 4176 1248 4241 dem
1258 4177 1340 4243 Abte
1354 4177 1447 4244 Peter
1460 4179 1530 4266 [L]

337 4276 405 4340 aad
426 4276 496 4340 dem
510 4274 666 4342 Conventa
686 4298 747 4342 ooo
762 4276 916 4361 Go'ttweiq
931 4279 1022 4343 elaea
1037 4278 1442 4367 Confrateraitcttavertraq.
1472 4283 1530 4349 ste

337 4380 540 4462 oapflielatea
550 4382 625 4462 aab,
637 4382 796 4464 falrjedea
806 4383 1022 4449 serstorbeaea
1032 4383 1173 4451 Prieater
1183 4387 1257 4451 aaa
1268 4385 1407 4469 Dialeon,
1419 4389 1529 4456 dassen

337 4602 404 4659 aba.
444 4605 618 4659 ³Kammem
644 4623 689 4658 am
712 4608 807 4675 Ksmp,
834 4609 909 4661 G.-B.
926 4609 1100 4677 Langenlois.
1122 4639 1155 4650 -
1178 4610 1338 4681 'Gaisberg
1364 4613 1528 4667 nordostlioh

337 4709 390 4744 von
408 4694 553 4747 Kammern
570 4694 693 4761 gelegen.
