3400 5350
344 411 406 476 156

343 609 391 672 rei
413 605 631 671 testimonium
654 613 839 691 presentem
857 603 983 669 literam
1003 603 1102 668 scribi
1117 612 1150 668 et
1163 602 1339 688 sigillorum
1354 613 1538 669 nostrorum

341 710 457 777 robore
479 710 613 775 fecimus
636 710 835 774 communiri.
872 708 996 774 Datum
1018 710 1049 773 in
1074 708 1160 775 Gara
1185 731 1271 773 anno
1293 707 1413 773 domini
1436 707 1536 773 mille-

342 817 420 882 simo
453 813 672 880 ducentesimo
703 814 952 899 septuagesimo,
982 812 1127 878 secundo
1156 811 1314 878 kalendas
1338 813 1534 879 novembris.

341 920 454 985 Testes
476 929 552 984 sunt
573 917 605 982 hi
628 918 757 983 milites:
790 917 867 984 Otto
891 916 932 983 de
955 916 1120 1001 Amstain,
1143 916 1273 983 Vlrieus
1301 917 1343 982 de
1362 917 1535 1002 Viehofen,

342 1023 470 1089 Vlrieus
505 1023 546 1087 de
578 1022 765 1106 Piiichdorf,
803 1021 999 1088 Chunradus
1033 1021 1074 1087 de
1108 1022 1293 1099 Swmeraw‚
1333 1023 1459 1090 Grecos
1493 1022 1536 1089 de

341 1126 571 1211 Freitsobiarn‚
601 1126 812 1193 Meinhardus
844 1127 887 1193 de
913 1125 1105 1214 Dirnpaeh,
1140 1128 1314 1192 Heinricus
1348 1126 1390 1191 de
1420 1126 1535 1193 Ozolis·

342 1230 450 1317 ching,
488 1230 715 1297 Wemhardus
752 1231 794 1296 de
831 1232 1018 1317 Heuselein,
1061 1231 1200 1297 sifridus
1238 1230 1279 1297 de
1318 1231 1536 1317 Grillenperg,

343 1333 538 1402 Ohunradus
562 1334 603 1400 de
626 1335 818 1421 Purehdorf,
849 1335 1042 1402 Herbordus
1065 1336 1106 1402 de
1129 1336 1371 1423 Symmeingen,
1402 1335 1471 1401 Leo
1495 1335 1536 1401 de

344 1439 464 1521 Werd3
488 1442 588 1505 servi:
612 1441 787 1505 Heinricus
810 1440 852 1506 de
875 1442 1062 1524 Swmeraw,
1085 1439 1288 1506 Walchunus
1303 1440 1405 1525 Dens,
1428 1439 1536 1507 Chun-

342 1544 441 1609 radus
464 1555 496 1609 et
519 1545 692 1609 Heinrieus
715 1545 832 1611 fratres
856 1545 898 1611 de
913 1544 1175 1631 Weichselpach,
1198 1545 1344 1610 Riwinus
1368 1544 1410 1610 de
1430 1544 1537 1609 Hdrn·

342 1649 438 1735 pach,
460 1649 557 1733 Hugo
582 1648 623 1714 de
643 1649 754 1732 Fuert,
777 1650 952 1716 Heinrieus
974 1649 1105 1734 ibidem,
1128 1648 1322 1716 (thunradus
1339 1648 1538 1733 Gasheuser,

342 1752 450 1819 Ebero
473 1753 514 1818 de
531 1754 639 1838 Fuert,
663 1754 837 1819 Heinricus
858 1753 899 1820 de
914 1753 1081 1837 Absdorff,
1104 1753 1301 1821 Chunradus
1316 1752 1358 1818 de
1373 1753 1538 1819 Herczen·

342 1857 471 1923 burkeh
495 1857 602 1923 etalii
624 1880 721 1944 quam
744 1859 863 1945 piures.

388 2120 463 2188 155.
1064 2124 1145 2181 1271
1163 2124 1244 2198 April
1260 2123 1311 2189 20,
1336 2124 1496 2196 Gottwetg.

343 2309 415 2377 Dos
436 2310 519 2393 Stift
532 2310 685 2393 Gdttwcip
706 2311 884 2392 verpocbtet
904 2312 1012 2376 scinco
1033 2310 1108 2392 Hof
1123 2331 1164 2375 ao
1179 2309 1309 2391 Horteio
1330 2316 1447 2376 semmt
1468 2311 1540 2376 dem

517 2415 651 2481 Zetieote
672 2415 808 2482 doaelbst
827 2435 924 2499 pepon
946 2414 1138 2498 onpepebeae
1159 2414 1361 2498 Leistunpea.

448 2608 521 2674 Orig.
539 2605 594 2677 (A),
611 2609 688 2674 Perg.
724 2607 779 2659 Der
801 2608 882 2659 obera
904 2607 984 2659 Theil
1010 2607 1058 2660 der
1080 2608 1211 2660 Urkunde
1238 2610 1272 2660 ist
1298 2609 1538 2677 weggesehnitten.

344 2697 390 2749 Sis
418 2696 509 2748 disnte
536 2694 628 2749 irtther
659 2696 698 2748 als
726 2696 872 2748 Declrblstt
897 2698 972 2748 eines
994 2695 1058 2747 Cod.
1079 2714 1126 2748 ms.
1171 2697 1243 2748 Zwei
1265 2696 1355 2763 Siegel
1383 2712 1419 2748 an
1446 2697 1539 2764 Perge

344 2783 460 2837 Streifan
478 2784 640 2852 abgsfallen.

345 3062 515 3076 ......
539 3018 681 3076 nostram
703 3010 736 3074 in
758 3008 911 3074 Ηὸίὶθίη1
936 3030 1010 3073 cnm
1033 3009 1110 3095 ipsis
1133 3008 1268 3074 decimis
1290 3019 1387 3074 tam.
1418 3061 1425 3074 .
1457 3061 1464 3073 .
1495 3061 1502 3074 .
1531 3060 1539 3072 .

345 3165 776 3179 ..............
801 3112 1540 3199 receptesuntab.............

343 3229 500 3305 perpetuo
523 3216 704 3304 colligenda
726 3220 759 3282 in
783 3216 870 3281 hune
892 3216 1024 3283 modum
1053 3269 1059 3281 .
1086 3269 1093 3283 .
1118 3269 1125 3282 .
1150 3268 1157 3283 .
1183 3268 1190 3282 .
1216 3267 1223 3282 .
1248 3268 1255 3283 .
1281 3269 1287 3282 .
1314 3268 1321 3281 .
1347 3268 1386 3282 ..
1417 3268 1424 3282 .
1457 3270 1463 3281 .
1494 3269 1501 3282 .
1533 3269 1540 3281 .

344 3330 377 3386 et
398 3323 448 3386 sui
469 3320 609 3386 heredes
631 3320 724 3386 nobis
747 3330 780 3386 et
801 3330 909 3386 nostre
926 3320 1062 3387 ecclesie
1078 3320 1119 3386 de
1135 3320 1258 3387 eisdem
1275 3321 1407 3386 decimis
1432 3373 1439 3386 .
1466 3374 1473 3387 .
1499 3374 1506 3386 .
1533 3374 1542 3387 .

343 3428 414 3491 iure
436 3424 569 3511 singulis
592 3426 685 3490 annis
707 3426 740 3489 in
764 3423 886 3491 dietum
908 3423 1051 3492 modium
1073 3428 1177 3512 grani,
1201 3427 1247 3491 sic
1263 3447 1435 3511 expressos
1451 3426 1544 3491 vide·

342 3529 419 3594 licet
442 3529 627 3616 quindecim
649 3527 772 3594 modios
795 3530 892 3595 tritici
916 3579 1120 3596 .......
1143 3529 1266 3596 modios
1289 3551 1392 3595 avene
1408 3552 1475 3596 non
1491 3554 1544 3596 re-

344 3636 508 3720 quirentes
538 3632 580 3698 de
610 3632 733 3699 eisdem
763 3633 898 3718 singuiis
928 3636 1020 3699 annis
1047 3635 1206 3699 serviciea
1228 3632 1364 3719 amptius
1389 3686 1530 3700 .....
1535 3686 1546 3719 ,

344 3738 431 3825 quod
453 3738 495 3804 ad
512 3740 558 3803 sic
573 3737 736 3824 predictas
751 3760 908 3825 personas
923 3761 982 3824 per
997 3760 1200 3804 communem
1215 3761 1375 3824 gwerram
1400 3790 1545 3805 .....

344 3866 401 3909 seu
423 3842 615 3929 grandinem
639 3894 646 3908 .
672 3894 679 3908 .
704 3893 723 3928 .,
745 3842 966 3930 pestilenciam
991 3842 1247 3930 dampnifficari⁸
1271 3843 1484 3928 contigerant,
1507 3854 1549 3909 ut

343 3946 436 4013 nobis
465 3950 498 4013 in
528 3949 787 4014 aministracione
812 3997 1508 4014 ......................
1537 4000 1546 4013 .

343 4053 577 4118 insufficientes
607 4054 793 4138 existerent,
825 4054 873 4118 eis
902 4052 1098 4118 conveniunt
1128 4072 1225 4137 super
1251 4050 1435 4116 huiscemodi
1458 4074 1549 4118 com·

344 4159 492 4244 passione
516 4208 948 4224 ..............
972 4158 1158 4243 presignato
1187 4157 1278 4220 curie
1306 4158 1382 4241 igne
1409 4159 1549 4244 proprio

342 4263 1507 4349 velaliquoinopinato...........................

344 4487 408 4545 155.
446 4501 458 4525 ⁸
476 4490 507 4540 Α.

448 4611 458 4644 ¹
476 4613 596 4674 Htflein,
619 4611 741 4664 nordiich
760 4626 814 4663 von
831 4612 923 4664 Brnek
941 4628 965 4663 a.
983 4612 1009 4664 d.
1026 4612 1133 4674 Leiths,
1152 4612 1184 4663 V.
1196 4612 1231 4663 tJ.
1245 4612 1288 4663 W.
1300 4610 1343 4661 W.
1379 4610 1473 4662 Uebsr
1489 4611 1554 4666 den

343 4700 453 4756 Erwerb
471 4700 519 4757 der
537 4700 718 4771 Besitsungen
735 4698 855 4753 daselbst
872 4698 926 4772 vgl.
939 4698 1043 4763 Kailin,
1061 4702 1078 4749 2
1096 4715 1136 4751 nr.
1150 4701 1176 4762 2,
1194 4701 1229 4751 46
1247 4715 1285 4752 nr.
1301 4699 1358 4753 188.
