3400 5350
1286 414 1328 479 89

141 604 290 669 beneficia
304 608 338 669 in
352 602 569 687 Wezilstorf,²
592 625 654 689 que
678 604 755 669 iuris
779 604 828 668 sui
845 612 946 685 erant,
971 602 1107 680 ecclesie
1124 604 1329 670 contraderet

141 719 170 774 et
199 718 380 775 contractus
413 711 473 774 iste
508 731 581 774 cum
616 708 750 773 testibus
786 716 819 772 et
848 706 919 771 aliis
950 706 1237 793 sollempnitatibus
1268 709 1329 774 fuit

139 812 286 895 firmatus,
308 823 344 877 ut
365 813 596 900 perpetualiter
618 822 704 877 esset
725 821 823 878 retus.
862 811 1064 877 Procedente
1088 835 1165 877 vero
1181 822 1327 899 tempore

140 915 215 981 lilius
236 939 313 982 suus
337 917 532 1002 chunradus
554 917 692 981 verbum
711 918 821 1001 movit,
846 915 932 1002 quod
948 916 1107 1001 predium,
1132 917 1218 1002 quod
1234 927 1327 1003 pater

139 1042 209 1085 suus
238 1031 503 1104 commutaverat,
527 1023 595 1086 sine
626 1044 787 1086 consensu
818 1043 876 1085 suo
906 1019 967 1084 sibi
997 1019 1171 1085 alienatum
1201 1022 1324 1087 fuisset.

138 1125 259 1190 Interea
283 1125 415 1212 quidam
438 1125 608 1212 burgensis
639 1125 679 1190 de
710 1127 831 1192 Winne
862 1124 972 1191 Siboto
993 1149 1053 1212 per
1076 1125 1175 1190 VIIII
1206 1126 1327 1191 talenta

138 1230 318 1306 elaboravit,
341 1229 429 1316 quod
452 1230 567 1295 eadem
589 1230 749 1296 beneficia
772 1233 805 1295 in
822 1229 1013 1296 Wezilstorf
1037 1232 1070 1294 in
1093 1232 1170 1296 iuris
1186 1234 1327 1317 proprie·

137 1343 239 1419 tatem,
262 1333 350 1421 quod
372 1335 470 1420 vulgo
498 1334 695 1421 purchrehte
727 1334 852 1416 dieitur,
880 1358 900 1398 a
922 1334 1076 1399 fratribus
1106 1338 1267 1421 reciperet
1297 1346 1330 1401 et

137 1441 298 1505 annuatim
330 1441 517 1525 pensionem
552 1438 689 1504 duorum
719 1438 913 1503 talentorum
943 1438 1021 1503 inde
1056 1439 1263 1524 persolveret,
1295 1443 1327 1504 in

137 1565 194 1628 quo
217 1553 387 1608 contractu
408 1544 480 1607 telis
503 1553 552 1608 est
573 1545 760 1629 interposite
784 1543 941 1627 condicio,
967 1542 1053 1629 quod
1082 1546 1109 1607 si
1132 1542 1327 1609 Ohunradus

137 1647 174 1711 de
194 1648 438 1712 Rammenstein
462 1646 577 1712 eedem
607 1647 767 1712 beneficio
789 1649 950 1732 inpeteret
976 1656 1009 1711 et
1028 1647 1329 1735 quomodocumque

136 1755 300 1836 optineret,
323 1751 410 1816 idem
433 1751 542 1818 Siboto
566 1773 684 1817 novem
706 1750 837 1835 talenta,
866 1774 930 1836 que
952 1774 1012 1836 per
1043 1761 1245 1817 contractum
1275 1752 1327 1817 de·

137 1856 233 1942 derat,
255 1866 406 1942 repetere
429 1879 494 1921 non
514 1856 659 1922 deberet.
697 1857 761 1921 Pro
784 1859 939 1921 memorie
954 1879 1031 1942 ergo
1054 1856 1148 1921 huius
1164 1857 1241 1922 facti
1256 1879 1327 1943 pre·

136 1972 254 2027 sentem
278 1961 437 2026 cartulam
460 1965 645 2048 scripsimus
669 1970 701 2028 et
716 1962 811 2047 sigilli
826 1964 1037 2048 impressione
1054 1962 1326 2027 confirmavimus.

135 2064 234 2130 Huius
257 2069 308 2130 rei
330 2074 428 2131 testes
448 2075 536 2131 sunt:
559 2067 732 2131 Heinricus
748 2066 1009 2132 mareschalcus·
1033 2065 1075 2130 de
1092 2065 1249 2151 Zaching,
1273 2065 1328 2130 Al·

136 2167 241 2234 bertus
254 2170 298 2235 de
310 2169 456 2253 Lochlin,
470 2169 664 2235 Chunradus
677 2170 718 2234 de
731 2169 931 2254 Timendorf,
944 2169 1048 2235 Ortlib
1061 2169 1102 2234 de
1115 2171 1327 2255 Witigestorf,

135 2272 255 2360 Repeto
278 2284 380 2339 nauto
402 2274 443 2339 de
460 2274 560 2359 Stein,
576 2274 740 2339 Amoldus
764 2274 805 2339 de
821 2274 941 2339 Sancto
965 2274 1139 2360 Stephano,
1160 2276 1327 2339 Ditmarus
1367 2320 1371 2326 ‚

136 2377 173 2442 de
201 2378 414 2463 Wesendorf,
444 2378 638 2444 Chunradus
670 2389 702 2443 et
731 2379 831 2443 frater
861 2382 930 2443 eius
959 2378 1115 2444 Albertue
1147 2379 1188 2444 de
1222 2379 1328 2461 Mier,

135 2482 261 2569 Sighart
285 2486 327 2548 de
351 2483 480 2566 Rodum
503 2483 653 2568 Eberger
676 2483 717 2548 de
741 2484 834 2548 Vurt

233 2695 327 2763 Siegel
350 2696 375 2745 d.
393 2695 476 2745 Abtes
500 2696 631 2756 Wezelin‚
659 2696 823 2761 besohiidigt
850 2696 990 2761 spitzovel,
1018 2696 1167 2761 ungeliirbt,
1195 2696 1329 2746 lllnsb.

137 2782 266 2834 Umschn:
296 2781 460 2849 †ABB[AS
473 2796 479 2807 ·
493 2783 558 2832 De·
573 2782 789 2847 CHOT]WIOH.
820 2783 877 2832 Der
894 2784 947 2832 Abt
969 2785 1004 2832 ist
1022 2783 1124 2833 sitzend
1147 2799 1180 2832 en
1199 2783 1329 2845 luesder-

135 2871 245 2934 gestcllt,
264 2873 295 2920 in
313 2870 361 2920 der
378 2870 473 2919 linken
487 2870 568 2920 Haud
586 2870 633 2920 das
651 2870 797 2929 Pastorem,
816 2871 843 2919 in
864 2869 911 2919 der
930 2870 1038 2919 rechten
1058 2872 1102 2919 sin
1115 2869 1190 2918 Bueh
1208 2869 1328 2921 haltcnd.

175 3203 224 3272 74.
1190 3206 1283 3263 1211.

136 3392 264 3477 Vortrap
288 3396 342 3460 des
363 3394 582 3476 Erebmchofes
604 3392 776 3457 Elrerdurd
797 3393 846 3457 II.
862 3414 923 3456 ooo
945 3392 1102 3475 Satsburp
1123 3394 1183 3456 mit
1204 3393 1328 3474 Hereop

136 3496 270 3580 leopold
293 3498 348 3564 VI.
366 3518 427 3561 voe
442 3497 632 3563 Oesterret'elo
653 3519 757 3580 wepee
779 3497 833 3561 des
848 3496 1141 3571 Patronotsrcolotes
1157 3496 1330 3560 terrulenter

378 3602 522 3667 Keoteu
543 3603 612 3666 uod
633 3623 737 3685 coepero
759 3602 915 3665 melrerer
936 3601 1078 3684 Burpee.

234 3814 343 3880 Unter
367 3812 431 3877 den
454 3811 604 3896 Zeugen:
628 3810 775 3894 ,Wecelo
797 3809 900 3875 abbas
924 3809 965 3874 de
988 3810 1153 3875 Cotwieo!

137 4071 179 4128 23.
236 4074 248 4106 ²
266 4076 360 4126 Dutch
379 4075 431 4125 den
450 4074 663 4125 Ruekvermerk:
682 4073 716 4123 In
732 4072 816 4138 officio
834 4076 904 4123 circa
920 4079 1036 4133 montem,
1053 4070 1250 4134 Wietleimdors
1263 4069 1329 4120 wird

137 4160 176 4211 die
192 4163 372 4230 Mogliehlreit
389 4164 514 4227 gebeton,
532 4161 584 4212 den
603 4162 652 4212 Ort
670 4161 753 4211 nither
772 4177 805 4211 nn
824 4161 992 4211 bestimmen.
1020 4160 1057 4209 Es
1075 4161 1110 4208 ist
1133 4158 1190 4209 dies
1212 4156 1330 4207 ntmlich

137 4250 177 4299 ein
200 4251 284 4301 heute
306 4249 507 4301 versehollener
531 4249 588 4311 Ort,
609 4248 725 4298 welcher
748 4247 853 4298 sttdlioh
872 4247 942 4299 nahe
960 4248 1030 4299 heim
1050 4246 1133 4297 Dorso
1155 4244 1330 4307 Hebenbech‚

137 4335 166 4384 V.
178 4338 208 4388 0.
219 4338 263 4388 W.
273 4337 316 4387 W.
330 4338 384 4404 leg,
403 4337 472 4387 noch
490 4352 534 4386 am
551 4336 628 4386 Ende
647 4336 692 4386 des
713 4335 985 4387 resumebamus
1003 4334 1059 4384 und
1077 4337 1166 4399 sptter
1189 4333 1238 4381 mit
1259 4330 1330 4380 dem-

137 4423 226 4475 solben
245 4426 381 4490 vereinigt
404 4424 511 4474 worden
528 4438 589 4484 wer,
607 4425 694 4475 wobei
712 4439 741 4474 er
759 4425 853 4474 seinen
872 4423 976 4473 Nomen
994 4422 1138 4481 einbttsete,
1157 4434 1191 4468 en
1210 4417 1331 4468 welchen

135 4508 198 4571 jetzt
216 4512 282 4577 jede
304 4511 477 4577 Erinnernug
500 4509 711 4562 verechwunden
738 4512 780 4560 ist.
817 4511 872 4561 Der
899 4510 1008 4575 hentige
1031 4506 1159 4569 sfldliche,
1186 4505 1258 4555 heim
1281 4505 1331 4555 Ur·

138 4611 251 4664 sprunge
273 4599 321 4649 der
342 4604 482 4665 gressersn
500 4597 595 4659 Qnelle
614 4597 660 4648 des
678 4597 876 4648 Hebenbaches
893 4596 1024 4662 gelegsne
1042 4592 1171 4644 Ortstheil
1191 4591 1266 4642 stellt
1283 4591 1330 4641 das

140 4683 191 4735 &lto
200 4685 412 4737 wizelinesdort
427 4686 483 4736 der.
