3400 5350
380 408 445 474 646

379 600 482 666 dictos
516 601 681 668 domiuum
710 600 965 686 Marichardum,
999 601 1156 668 Iohanem
1187 610 1221 667 et
1250 600 1405 668 Ottonem
1436 611 1468 666 et
1494 620 1555 664 suos

379 706 626 793 predecessores
656 705 766 772 habita
797 717 872 773 sunt
901 717 934 772 et
955 729 1105 794 possessa
1127 707 1227 792 salvo,
1250 706 1337 794 quod
1359 707 1500 793 prelatus
1519 705 1557 771 lu

378 811 480 878 hanes
511 810 616 876 dictus
639 811 763 876 Tewfel
786 814 909 877 eteius
932 814 1002 877 veri
1024 810 1163 878 heredes
1185 815 1220 877 in
1241 821 1275 877 et
1295 834 1394 898 super
1414 810 1504 876 bouis
1523 807 1559 873 ad

379 939 434 982 eos
464 926 598 1002 paterna
627 915 806 981 hereditate
838 916 1007 1001 devolutis,
1038 939 1102 1004 que
1131 915 1175 982 ad
1204 917 1324 982 dictam
1345 915 1559 981 fundacionem

380 1021 592 1105 contuleruut,
612 1020 764 1086 videlicet
779 1021 883 1087 tribus
899 1025 995 1087 curiis
1011 1031 1136 1088 tautum
1151 1021 1274 1087 scilieet
1288 1021 1348 1087 auf
1359 1020 1433 1086 dem
1448 1019 1561 1085 Nidem

379 1126 667 1192 thenrrerikch¹
697 1136 729 1191 et
758 1125 987 1193 Schdnleiten'
1017 1136 1050 1191 et
1078 1150 1135 1214 ym
1164 1126 1252 1193 Satel
1281 1125 1492 1193 advocaciam
1515 1122 1561 1188 ob

379 1231 537 1297 tinebuut.
569 1229 721 1298 Similiter
736 1230 811 1297 Otto
835 1232 941 1297 dictus
956 1232 1080 1298 Tewfel
1104 1242 1136 1297 et
1158 1235 1207 1297 sui
1229 1236 1299 1297 veri
1321 1231 1463 1297 heredes
1486 1232 1517 1294 in
1536 1237 1563 1291 et

380 1359 478 1423 snper
500 1335 591 1400 bonis
615 1335 657 1399 ad
680 1357 735 1400 eos
758 1345 895 1422 paterna
917 1336 1098 1402 hereditate
1121 1335 1292 1422 devolutis,
1315 1358 1378 1423 que
1394 1335 1437 1400 ad
1453 1334 1564 1400 dictam

379 1441 608 1506 fundacionem
639 1439 807 1524 dederunt,
839 1442 942 1507 eciam
973 1441 1185 1507 advocaciam
1212 1440 1381 1507 habebunt
1402 1451 1434 1506 et
1456 1463 1476 1504 a
1497 1458 1564 1524 quo

379 1545 459 1611 libet
487 1544 670 1610 huiusmodi
700 1544 812 1611 colono
835 1568 935 1613 uuum
957 1545 1081 1632 pullum
1104 1559 1136 1613 et
1157 1568 1222 1612 non
1245 1547 1317 1633 plus
1339 1547 1483 1611 annatim
1503 1545 1565 1607 iure

380 1650 556 1715 advocacie
579 1652 725 1736 recipere
749 1649 926 1734 debebunt,
949 1660 986 1716 ut
1007 1650 1073 1716 fide
1096 1654 1323 1737 promiserunt,
1350 1660 1383 1716 et
1405 1647 1491 1737 quod
1512 1647 1566 1733 ipsi

381 1755 483 1824 dictos
506 1754 634 1820 colonos
657 1764 689 1820 et
710 1754 797 1820 bona
820 1754 989 1821 debebunt
1011 1756 1189 1821 defendere
1211 1755 1352 1822 fideliter
1374 1764 1407 1820 et
1427 1754 1511 1819 tueri
1531 1771 1566 1815 ao

380 1871 517 1948 uterque
539 1881 650 1925 eorum
672 1862 706 1925 iu
727 1862 870 1945 paternis
894 1860 986 1926 bonis
1009 1860 1162 1946 predictis
1184 1882 1243 1926 sue
1265 1863 1366 1947 partis
1380 1857 1569 1924 hereditarie

381 1967 557 2031 advocatus
580 1974 613 2029 et
635 1964 787 2029 defensor
810 1967 938 2048 existat,
963 1967 995 2031 in
1018 1987 1081 2052 quo
1105 1968 1132 2031 si
1154 1966 1357 2051 negligentes
1380 1965 1509 2046 fuerint,
1530 1958 1569 2024 ad

381 2071 414 2136 id
443 2093 503 2157 per
531 2068 768 2135 marschalcum
798 2071 981 2156 principum
1003 2070 1134 2136 Austrie
1158 2071 1397 2158 compellentur.
1443 2069 1483 2133 ln
1505 2066 1570 2132 aliis
1658 2111 1659 2150 ,

381 2186 490 2242 autem
514 2175 605 2240 bonis
627 2173 781 2261 predictis
802 2185 910 2240 rector
932 2175 1077 2241 eiusdem
1100 2175 1248 2260 ecclesie,
1278 2179 1334 2263 qui
1356 2175 1452 2240 fuerit
1473 2171 1571 2237 libere

381 2282 553 2363 facultatis,
584 2278 719 2345 habebit
746 2278 915 2345 arbitrium
946 2280 988 2345 de
1017 2289 1125 2345 vestre
1155 2283 1265 2365 gracie
1289 2300 1448 2344 consensu
1470 2300 1511 2342 ac
1532 2275 1571 2340 de

382 2408 454 2451 meo
481 2383 534 2449 vel
564 2385 759 2449 successoris
789 2386 852 2449 mei
883 2384 1014 2449 consilio
1043 2384 1239 2450 advocatum
1261 2406 1390 2449 sumere
1412 2382 1572 2449 dominnm

383 2489 584 2575 Stephanum
615 2487 656 2553 de
678 2487 936 2554 theuwerkch
965 2489 1018 2554 vel
1048 2488 1146 2554 alium
1177 2498 1414 2576 competentem
1435 2509 1500 2552 non
1522 2484 1573 2549 he·

383 2594 534 2660 reditarie
564 2592 623 2657 sed
652 2592 822 2679 mobiliter,
845 2603 940 2680 prout
963 2593 1142 2681 expediens
1165 2594 1330 2659 videbitur
1352 2604 1409 2660 aut
1430 2610 1573 2657 neeesse.

382 2701 465 2766 Item
495 2698 625 2787 quaudo
655 2701 823 2785 contigerit
852 2699 973 2785 aliquid
1003 2702 1123 2787 imponi
1154 2700 1240 2766 dicte
1275 2699 1411 2765 ecclesie
1446 2699 1574 2763 racione

385 2804 471 2870 sedis
509 2802 684 2890 apostolice
721 2803 775 2868 vel
811 2790 1052 2889 procuraci'onis
1089 2803 1268 2890 legatorum
1306 2802 1452 2869 eiusdem
1490 2798 1575 2866 sedis

382 2909 436 2975 vel
466 2910 626 2974 caritativi
657 2907 791 2973 subsidii
821 2919 930 2974 vestre
960 2911 1070 2995 gracie
1100 2907 1154 2974 vel
1187 2907 1428 2974 successoribus
1462 2905 1575 2970 vestris

381 3013 567 3102 porrigendi
597 3012 649 3077 vel
679 3015 871 3098 potestative
901 3035 961 3098 per
990 3016 1153 3100 principes
1183 3013 1226 3079 de
1255 3013 1341 3078 facto
1373 3007 1575 3099 postulande,

383 3117 513 3203 quando
544 3118 755 3181 communiter
785 3115 839 3181 alii
868 3115 999 3202 plebani
1029 3119 1224 3203 sumpserint
1253 3116 1432 3182 subsidium
1462 3137 1481 3178 a
1512 3115 1576 3177 suis

383 3222 501 3287 colonis
521 3220 565 3286 ad
583 3220 764 3285 huiusmodi
780 3219 986 3305 solucionem,
1011 3233 1132 3287 extunc
1148 3231 1181 3286 et
1195 3243 1258 3287 non
1274 3221 1353 3287 alias
1368 3219 1456 3285 idem
1470 3228 1578 3283 rector

384 3324 521 3391 ecclesie
543 3327 575 3390 in
599 3323 766 3411 Haynfeld
789 3325 990 3391 moderatam
1012 3336 1138 3412 partem
1153 3349 1173 3391 a
1189 3325 1283 3390 dictis
1299 3324 1418 3391 colonis
1433 3324 1576 3409 recipiet,

384 3452 447 3517 quo
470 3452 535 3494 non
557 3431 691 3494 nimium
713 3440 922 3515 agraventur.
953 3430 1036 3496 Item
1059 3429 1188 3516 quando
1212 3430 1319 3517 alique
1343 3428 1501 3495 dictorum
1524 3425 1578 3491 bo

383 3556 498 3599 norum
527 3535 718 3599 vacaverint
747 3555 807 3619 per
834 3534 1060 3600 vendicionem
1089 3545 1145 3600 aut
1174 3534 1380 3599 consimiliter
1408 3535 1577 3618 resignans

382 3638 566 3726 pplebanob
590 3650 621 3704 et
643 3638 685 3704 de
707 3662 806 3704 manu
826 3642 895 3704 eius
910 3641 1070 3726 recipiens
1086 3640 1219 3727 quilibet
1234 3639 1325 3705 dabit
1340 3649 1411 3704 octo
1428 3638 1577 3704 denarios

384 3742 593 3830 Wynueuses
624 3743 665 3809 de
697 3746 796 3828 curia,
827 3744 887 3809 sed
916 3744 958 3810 de
987 3766 1064 3810 arca
1090 3744 1144 3810 vel
1167 3744 1271 3810 curtili
1293 3755 1419 3809 tantum
1441 3751 1580 3830 quatuor

384 3847 508 3912 denarii
539 3850 753 3934 porrigentur.
791 3849 903 3914 Litore
932 3871 1060 3935 quoque
1092 3850 1349 3915 confirmacionis
1374 3847 1577 3913 fundacionis

385 3962 417 4017 et
444 3954 619 4038 empciouis
647 3952 805 4019 bonorum
831 3953 1051 4040 predictorum
1073 3956 1106 4019 in
1128 3955 1198 4020 loco
1221 3954 1353 4041 speciali
1376 3954 1578 4040 deponentur

386 4057 514 4123 duabus
545 4060 624 4123 seris
655 4057 774 4139 clauso,
806 4059 893 4146 quod
923 4059 1082 4145 plebanus
1111 4059 1233 4125 habeat
1262 4081 1360 4125 unam
1390 4058 1516 4124 elavem
1545 4065 1578 4121 et

387 4165 523 4249 copiam,
555 4165 582 4227 si
604 4162 751 4248 voluerit,
783 4173 815 4228 et
837 4164 983 4229 similiter
1004 4186 1087 4230 unus
1110 4166 1239 4250 civium,
1267 4167 1319 4228 eui
1341 4163 1395 4229 alii
1417 4165 1505 4228 cives
1528 4184 1577 4227 oo

385 4270 539 4352 miserint,
570 4267 658 4354 quod
680 4277 826 4355 tempore
848 4271 1050 4335 necessitatis
1072 4269 1116 4335 ad
1139 4269 1329 4357 principalia
1350 4289 1501 4335 recursus
1523 4266 1578 4332 ba·

387 4371 510 4436 beatur.
544 4372 642 4437 Unde
665 4372 882 4439 reverendam
905 4375 1106 4460 paternitatis
1128 4385 1237 4441 vestre
1258 4375 1403 4460 graciam
1425 4394 1500 4438 oum
1515 4372 1577 4458 ple·

387 4595 448 4650 tls.
492 4600 505 4633 b
523 4599 554 4650 A.

490 4702 500 4734 ¹
518 4720 557 4755 nr.
571 4705 622 4754 689
640 4705 717 4757 Anm.
731 4707 755 4756 2.
774 4733 807 4743 -
825 4703 838 4736 ¹
856 4722 895 4760 ur.
909 4708 960 4758 689
978 4707 1056 4758 Aum
1072 4712 1094 4759 1.
