3400 5350
345 426 411 492 596

346 618 582 701 defunctorum,
605 626 641 681 ut
664 615 762 682 divini
785 617 890 681 cultus
913 615 1131 703 sollempnitas
1153 624 1312 702 augeatur
1333 623 1366 680 et
1389 614 1465 681 dicti
1488 615 1543 680 do·

346 725 423 789 mini
447 722 547 788 Vlrici
575 721 703 786 abbatis
725 744 766 787 ac
788 743 920 786 suorum
942 723 1183 807 progenitorum
1206 723 1471 786 commemoracio
1493 743 1543 785 sa·

344 828 468 893 lubrius
498 826 668 910 habeatur,
697 828 730 891 in
753 827 821 891 vita
844 848 1024 891 suasanus
1047 835 1155 891 mente
1178 834 1211 890 et
1232 828 1364 891 racione
1386 836 1542 911 tempore,

345 954 408 1019 quo
439 933 549 1018 potuit,
579 932 633 1017 pia
664 930 832 995 dotacione
861 929 904 994 ad
934 929 1163 996 fundacionem
1193 932 1365 995 missarum
1394 932 1427 993 in
1455 930 1541 994 dicto

345 1046 454 1103 nostro
484 1036 677 1101 monasterio
708 1044 865 1121 perpetue
895 1034 1165 1100 celebrandarum
1195 1046 1290 1121 prout
1318 1035 1420 1099 infra:
1447 1034 1542 1099 altari

347 1142 505 1228 superiori
534 1162 633 1226 super
662 1140 811 1226 sepulcro
843 1141 948 1204 sancti
969 1139 1145 1222 Altmanni,
1174 1139 1261 1227 quod
1283 1139 1371 1205 idem
1393 1139 1542 1204 dominus

345 1246 475 1312 Vhicus
498 1268 541 1311 cx
564 1245 741 1310 devocione
765 1243 898 1331 speciali
920 1244 998 1309 fecit
1013 1247 1154 1309 construi
1170 1255 1202 1310 et
1216 1247 1249 1309 in
1264 1244 1383 1309 bonore
1399 1247 1542 1309 omnium

345 1360 528 1417 sanctorum
559 1351 752 1433 consecrari,
782 1349 960 1414 liberaliter
990 1349 1123 1414 contulit
1155 1359 1187 1414 et
1217 1349 1357 1429 donavit,
1382 1352 1487 1414 omnia
1508 1359 1543 1413 et

345 1454 473 1541 singula
493 1455 581 1520 bona
604 1477 663 1518 sua
686 1456 815 1541 propria
846 1464 914 1519 tam
946 1453 1150 1519 denariorum
1181 1476 1278 1540 quam
1308 1453 1397 1518 bladi
1425 1456 1486 1519 sita
1507 1456 1543 1519 in

344 1558 534 1642 Heerldrt,¹
563 1580 627 1645 que
657 1558 746 1623 idem
777 1557 926 1624 dominus
956 1559 1033 1624 emit
1059 1581 1079 1622 a
1102 1558 1232 1623 domino
1255 1558 1397 1646 Symone
1419 1559 1541 1625 Saxeu-

345 1662 494 1752 gangber
509 1662 607 1728 milite
624 1671 656 1727 ct
670 1665 736 1727 suis
752 1661 928 1728 heredibus
952 1685 1027 1728 cum
1050 1662 1198 1729 omnibus
1221 1662 1345 1728 iuribus
1367 1665 1541 1749 proprieta-

344 1769 431 1834 tibus
463 1778 496 1833 et
524 1769 732 1854 pertinenciis
762 1789 802 1831 ac
832 1767 1002 1851 fructibus,
1026 1790 1090 1854 quc
1113 1767 1306 1854 spectabant
1327 1778 1359 1832 et
1380 1769 1542 1855 pertinent

345 1874 389 1939 ad
404 1874 490 1939 bona
506 1875 539 1937 in
554 1872 690 1938 Herfurt
705 1871 862 1959 predicta,
886 1881 981 1958 prout
995 1874 1028 1936 in
1044 1871 1144 1937 literis
1161 1874 1336 1958 empcionis
1359 1895 1456 1959 super
1477 1872 1540 1938 hoc

346 1980 536 2065 conscriptis
567 1978 662 2065 plane
693 1978 885 2060 continetur,
910 1979 962 2041 cui
986 1976 1155 2043 donacioni
1178 1989 1299 2043 extunc
1321 1980 1541 2043 consensimus

345 2094 378 2150 et
408 2105 563 2169 expresse
591 2081 795 2168 presentibus
818 2084 1037 2146 consentimus
1060 2082 1213 2166 volentes,
1242 2082 1329 2168 quod
1355 2084 1540 2169 quicunque

345 2189 481 2253 fratrum
512 2196 693 2253 nostrorum
724 2188 879 2273 magister
908 2186 1005 2251 fuerit
1035 2185 1173 2273 oblagic,
1196 2186 1342 2273 predicta
1364 2186 1540 2253 bonoloco

346 2303 378 2358 et
407 2302 552 2378 tempore
580 2291 698 2357 debitis
728 2301 761 2356 et
791 2292 953 2356 consuetis
984 2292 1138 2378 respiciat
1159 2293 1318 2378 percipiat
1339 2294 1407 2357 iure
1429 2291 1541 2357 blnda

346 2398 445 2462 cionis
477 2398 584 2482 capiat
611 2405 643 2460 et
666 2394 811 2461 conferat
833 2418 873 2460 ac
895 2405 1048 2482 procuret
1070 2405 1103 2460 et
1125 2396 1225 2460 faciat
1246 2397 1332 2461 omni
1355 2395 1407 2461 die
1430 2418 1541 2483 perpe·

346 2503 409 2566 tuis
439 2500 637 2587 temporibus
664 2522 764 2566 unam
794 2502 926 2566 missam
955 2523 1016 2586 per
1046 2522 1148 2566 unum
1178 2500 1219 2565 de
1249 2504 1365 2567 nostris
1387 2501 1539 2567 fratribus

347 2604 504 2671 celebrari
538 2604 690 2670 videlicet
723 2608 756 2670 in
790 2605 876 2670 dicto
910 2604 1003 2670 altari
1037 2603 1088 2670 die
1124 2604 1282 2671 dominico
1317 2606 1359 2670 de
1393 2607 1538 2672 omnibus

346 2714 475 2796 sanctis,
507 2710 588 2776 feria
618 2710 763 2776 secunda
792 2733 850 2798 pro
882 2710 1043 2776 defunctis
1071 2709 1232 2795 fidelibus,
1256 2711 1337 2777 feria
1359 2714 1458 2777 tercia
1479 2735 1538 2798 pro

345 2819 452 2881 anima
474 2818 574 2901 ipsius
597 2815 734 2900 abbatis,
758 2816 839 2880 feria
862 2825 978 2903 quarta
1000 2815 1041 2880 de
1065 2818 1289 2903 assumpcione
1316 2817 1413 2882 beate
1436 2817 1539 2881 Maris

345 2922 488 3006 virginis,
518 2921 600 2985 feria
630 2923 741 3007 quinta
769 2920 809 2985 de
833 2943 967 3007 corpore
991 2919 1118 3002 Christi,
1142 2920 1223 2986 feria
1246 2930 1340 2985 sexta
1363 2921 1403 2986 de
1427 2931 1539 2988 sancta

347 3047 454 3109 cruce,
485 3024 619 3091 sabbato
650 3027 781 3090 missam
811 3024 854 3090 dc
885 3024 981 3090 beata
1003 3025 1108 3090 Maria
1130 3024 1326 3113 generalem.
1372 3026 1407 3093 Si
1432 3035 1539 3092 autem

345 3129 442 3194 fuerit
470 3129 589 3195 festum
618 3129 829 3216 apostolicum
860 3129 914 3194 vel
947 3132 979 3194 in
1014 3139 1139 3217 septem
1172 3129 1355 3215 luminibus,
1390 3153 1433 3195 ex
1461 3140 1539 3195 tunc

345 3243 453 3298 nostre
486 3233 684 3299 consuetudo
715 3234 827 3321 regule
859 3233 957 3299 debet
985 3237 1019 3299 in
1048 3233 1230 3299 huiusmodi
1260 3236 1431 3301 missarum
1459 3234 1538 3301 celc-

346 3338 552 3403 bracionibus
575 3338 750 3404 observari.
793 3341 947 3405 Pretcrea
969 3338 1056 3404 idem
1078 3348 1185 3408 rector
1206 3339 1333 3425 oblagie
1355 3340 1446 3407 fratri
1467 3343 1538 3406 mis·

346 3466 415 3507 sam
440 3442 617 3508 celebranti
640 3446 818 3529 promisse
842 3442 1012 3509 cuiuslibet
1034 3443 1140 3509 officio
1168 3466 1227 3509 sex
1258 3443 1408 3510 denarios
1431 3445 1538 3510 Wien-

347 3569 463 3612 neuses
486 3546 669 3632 benigniter
692 3547 884 3612 ministrabit
904 3556 936 3611 et
958 3550 984 3612 si
1007 3547 1085 3634 quid
1105 3547 1270 3614 residuum
1283 3549 1389 3633 fuerit,
1413 3548 1540 3614 dabitur

346 3651 501 3717 fratribus
530 3675 589 3739 pro
620 3652 852 3734 consolacione,
875 3662 911 3716 ut
933 3654 1037 3717 eciam
1060 3654 1275 3718 aniversarius
1297 3655 1402 3739 magis
1424 3653 1539 3718 devote

346 3765 530 3844 peragatur.
566 3757 612 3823 Ut
632 3767 741 3822 autem
764 3756 925 3822 dictarum
947 3759 1118 3823 missarum
1141 3757 1332 3842 celebracio,
1356 3768 1392 3823 ut
1413 3760 1537 3845 premit·

346 3864 431 3946 titur,
455 3864 572 3947 iugiter
595 3861 814 3946 observatur,b
837 3864 1016 3945 statuimus,
1039 3871 1075 3927 ut
1096 3864 1123 3926 si
1146 3864 1216 3949 quis
1243 3862 1379 3927 fratrmn
1399 3863 1441 3927 ad
1457 3862 1537 3927 cele·

346 3965 509 4031 brandum
539 3969 653 4031 missas
684 3966 867 4032 huiusmodi
897 3967 1070 4053 deputatus
1097 3969 1226 4032 missam
1249 3967 1441 4054 neglexerit,
1464 3990 1538 4054 quo

348 4073 438 4135 ciens
470 4070 532 4135 hoc
562 4071 683 4155 fecerit,
714 4071 801 4136 idem
832 4071 1000 4158 negligens
1029 4071 1073 4136 ad
1099 4071 1267 4136 arbitrium
1289 4081 1321 4136 et
1342 4074 1539 4138 artacionem

347 4175 467 4241 domini
490 4177 604 4261 prioris
628 4176 753 4242 custodi
775 4175 817 4240 ad
841 4178 1019 4241 sacristiam
1041 4176 1144 4242 solvet
1166 4176 1306 4242 mediam
1327 4176 1444 4242 libram
1464 4199 1538 4242 cere

346 4290 403 4345 aut
431 4279 630 4366 pauperibus
659 4282 691 4345 in
718 4292 825 4347 monte
849 4280 1064 4348 Chotwicensi
1087 4281 1243 4347 tredecim
1265 4281 1414 4346 denarios
1431 4282 1539 4347 Wien-

346 4407 463 4450 nenses
491 4384 632 4451 finaliter
658 4387 813 4471 erogabit.
859 4386 894 4452 Si
917 4409 995 4452 vero
1017 4387 1111 4452 fieret
1134 4386 1294 4453 desolacio
1316 4387 1371 4452 vel
1392 4386 1539 4453 defectus

345 4608 413 4663 otu.
449 4612 512 4664 bd.
530 4617 595 4663 statt
610 4614 763 4666 obesam.

451 4713 462 4745 ¹
480 4733 519 4767 nr.
539 4718 598 4767 667.
