3400 5350
1280 453 1344 518 353

151 649 278 732 vicinis,
308 646 426 734 quibus
456 647 581 733 plenius
611 645 780 712 constabat
808 646 849 711 dc
872 644 1018 729 decimis,
1047 669 1145 733 super
1168 646 1284 733 quibus
1307 646 1344 710 lis

152 754 237 817 inter
267 773 321 817 eos
351 750 549 834 vertebatur,
579 761 687 835 partes
714 753 801 837 ipsas
826 749 867 815 de
890 750 986 837 plano
1010 761 1042 815 et
1065 753 1134 814 sine
1156 754 1290 836 strepitu
1313 759 1346 814 et

151 856 259 942 figura
288 855 398 921 iudicii
427 855 610 920 audivimus
641 877 681 920 ac
708 855 972 920 informacionem
994 854 1036 919 ab
1060 854 1242 920 bominibus
1265 857 1345 919 eius·

153 958 230 1025 dem
260 959 335 1025 ville
366 970 398 1025 et
427 961 531 1024 eciam
554 983 574 1023 a
594 961 720 1044 vicinis,
744 958 862 1045 quibus
886 961 1004 1024 veritas
1029 958 1175 1024 eiusdem
1196 958 1259 1023 litis
1282 958 1346 1044 ple·

153 1067 227 1130 nius
250 1074 397 1130 constare
420 1064 603 1149 videbatur,
627 1065 788 1130 sumarie‘l
812 1074 843 1129 et
866 1064 906 1130 de
922 1064 1018 1151 plano
1033 1067 1224 1151 recepimus,
1249 1084 1346 1150 quam

152 1170 416 1235 informacionem
439 1172 541 1235 secuti
563 1179 688 1235 maturo
712 1169 843 1235 consilio
868 1179 900 1235 et
922 1179 1062 1235 tractatu
1084 1168 1260 1256 probabitis
1275 1167 1347 1232 lites

155 1284 188 1340 et
204 1275 471 1362 controversyas‘¹
494 1276 577 1339 inter
600 1273 704 1339 dictas
719 1283 838 1360 partes,
862 1284 1018 1360 quantum
1040 1283 1118 1338 tunc
1141 1271 1233 1338 nobis
1251 1273 1347 1359 possi-

155 1379 220 1444 bile
247 1379 354 1463 eratt,‘²
384 1378 572 1444 arbitrando
602 1401 661 1444 seu
692 1377 905 1443 amicabiliter
928 1377 1149 1463 componendo
1173 1376 1348 1442 diffinimus

156 1493 189 1549 et
218 1485 360 1569 sopimus
382 1505 441 1569 per
463 1482 595 1548 modum
618 1482 858 1568 infrascriptum
880 1482 1042 1568 videlicet,
1066 1481 1153 1569 quod
1175 1483 1349 1568 registrum

156 1587 294 1655 ecclesie
317 1591 349 1652 in
371 1576 491 1653 Nelib³
513 1610 611 1673 super
633 1586 849 1674 percipiendis
874 1587 1006 1652 decimis
1029 1610 1049 1651 a
1069 1585 1208 1673 plebano
1227 1585 1349 1651 ibidem

157 1694 374 1779 conscriptum
404 1690 603 1777 temporibus
625 1691 798 1757 recolenda
821 1693 974 1756 memorie
997 1689 1160 1755 Heuslarii
1183 1689 1263 1754 inibi
1284 1688 1349 1776 ple·

156 1797 245 1881 bani,
268 1796 355 1883 quod
379 1798 533 1861 continet:
555 1798 668 1881 viginti
684 1796 785 1862 VIIII
808 1795 918 1861 laneos
941 1817 1015 1860 cum
1038 1794 1145 1859 medio
1167 1794 1228 1859 sibi
1252 1793 1351 1859 debet

158 1923 230 1967 esse
260 1899 386 1965 salvum
416 1911 449 1965 et
479 1899 623 1966 decimas
653 1900 830 1966 eorundem
862 1899 1028 1965 laneorum
1055 1901 1233 1986 percipere,
1257 1905 1352 1984 prout

158 2009 325 2073 consuevit
354 2005 396 2071 ab
427 2009 568 2092 antiquo,
600 2006 660 2070 sibi
690 2006 769 2071 alios
798 2006 909 2071 laneos
939 2027 1037 2092 quam
1068 2007 1264 2091 conscriptos
1287 2024 1351 2067 non

158 2110 356 2197 usurpando,
386 2111 550 2176 residuum
582 2133 660 2176 vero
684 2110 885 2176 decimarum
907 2110 950 2176 ad
973 2109 1144 2175 ecclesiam
1167 2108 1351 2195 Yppoliten-

160 2224 229 2281 ser'n
258 2215 442 2303 pertinebit,
471 2214 562 2280 salva
584 2224 676 2302 parte
700 2215 900 2280 decimarum
924 2217 1109 2280 monasterii
1132 2213 1351 2296 Ootwicensis,

161 2344 241 2408 quas
271 2322 440 2406 percipere
469 2322 635 2385 consuevit
664 2319 706 2385 ab
736 2322 878 2407 antiquo.
918 2320 1000 2385 Item
1031 2319 1072 2384 de
1095 2318 1198 2383 tribus
1220 2315 1351 2405 praitisd

160 2436 194 2492 et
222 2428 308 2510 agris
337 2424 532 2512 quibusdam
561 2428 593 2490 in
623 2424 854 2509 Rutolstorf,⁸⁴
885 2428 939 2512 qui
972 2424 1150 2510 vulgariter
1183 2422 1353 2488 Hofecker

162 2533 377 2612 nominantur,
408 2529 564 2594 ecclesia¹
597 2529 815 2616 Yppolitensis
847 2542 878 2594 et
909 2529 1048 2594 ecclesia
1075 2532 1107 2594 in
1130 2527 1248 2593 Nelib⁸
1270 2527 1354 2591 deci·

163 2658 233 2702 mas
264 2634 421 2722 equaliter
443 2635 528 2700 inter
551 2656 585 2699 se
609 2633 765 2719 dividant,
789 2636 904 2722 quevis
927 2657 1039 2700 earum
1061 2632 1269 2721 percipiendo
1291 2653 1355 2697 me·

163 2741 250 2806 diam
273 2741 467 2825 porcionem.
497 2741 536 2804 In
559 2740 630 2804 aliis
652 2762 730 2805 vero
753 2739 837 2804 villis
853 2739 1023 2826 parrochie
1039 2742 1072 2804 in
1086 2738 1181 2804 Nelib
1198 2736 1353 2825 predicte,

163 2848 196 2910 in
226 2843 344 2932 quibus
375 2844 462 2910 nullu
491 2844 529 2909 lis
552 2847 635 2909 inter
657 2847 745 2932 ipsas
767 2855 877 2931 partes
899 2866 997 2931 super
1020 2844 1154 2908 decimis
1177 2851 1256 2925 erat,
1279 2863 1354 2927 que-

162 2949 242 3015 libet
264 2948 473 3014 ecclesiarum
497 2948 640 3023 decimas
663 2950 802 3014 maiores
824 2950 991 3035 percipiet,
1015 2971 1096 3035 quaa
1119 2949 1258 3033 antiquis
1277 2956 1354 3011 tem·

163 3053 297 3141 poribus
326 3056 495 3140 percipere
526 3056 702 3118 consuevit.
748 3053 831 3118 Item
865 3074 994 3118 annona
1024 3051 1165 3138 quedam
1194 3049 1355 3116 arestatatl

164 3181 223 3244 per
245 3159 392 3222 comitem
414 3157 641 3222 Barchardum
665 3158 706 3223 de
721 3157 886 3222 Hardekk
909 3156 951 3222 ad
975 3158 1164 3242 magistrum
1178 3157 1356 3221 Henricum

165 3260 339 3348 pertinebit
368 3265 512 3326 venire.⁸
558 3261 644 3342 Quia
674 3284 771 3348 super
801 3264 968 3348 questione
998 3264 1193 3327 minutarum
1220 3259 1356 3325 decima-

165 3389 238 3432 rum
266 3388 325 3431 nos
357 3366 494 3452 predicti
524 3365 638 3431 arbitri
669 3366 867 3432 concordare
898 3369 1102 3452 nequivimus
1129 3366 1358 3431 diffinicionem

166 3481 198 3536 et
220 3469 423 3535 amicabilem
444 3471 711 3555 composicionem
728 3493 826 3556 super
841 3470 964 3536 eisdem
979 3470 1173 3556 faciendam,
1195 3472 1228 3534 in
1244 3491 1358 3533 manus

166 3573 316 3639 dedimus
346 3576 437 3638 iuxta
458 3574 595 3639 formam
619 3576 828 3660 conpromisai
850 3573 1045 3639 honorabilis
1067 3576 1138 3659 viri,
1162 3574 1282 3639 domini
1305 3573 1358 3638 Ul·

165 3680 224 3743 rici
248 3677 362 3744 decani
385 3700 425 3743 ac
447 3676 578 3764 plebani
600 3677 643 3743 ad
666 3679 822 3744 Sanctum
838 3677 1064 3765 Stephanum⁶
1086 3700 1184 3766 super
1200 3679 1359 3763 Wagram

166 3781 378 3870 superarbitri
408 3783 507 3847 nostri
538 3783 590 3846 et'l
621 3783 714 3848 dictis
744 3784 891 3869 partibus
922 3786 1134 3848 communiter
1165 3782 1268 3868 electi,
1304 3785 1358 3869 qui

167 3910 266 3974 super
288 3886 441 3973 predictis
464 3889 595 3952 minutis
619 3887 753 3953 decimis
776 3888 923 3954 diffineat
944 3891 1137 3974 pronunciet
1164 3910 1221 3952 seu
1244 3889 1359 3952 amica·

167 3990 276 4057 biliter
298 4001 466 4078 conponat,
490 4002 584 4077 prout
607 3991 667 4057 sibi
690 3992 818 4058 videtur
841 3992 1007 4080 expedire.
1054 3993 1150 4057 Hanc
1172 4001 1280 4057 autem
1307 4013 1360 4055 no-

168 4106 269 4162 stram
299 4095 531 4161 diffinicionem
561 4096 810 4162 arbitracionem
844 4120 902 4162 seu
932 4096 1136 4162 amicabilem
1167 4096 1360 4182 conposicio-

168 4223 253 4279 nem,
277 4210 313 4266 ut
334 4199 559 4266 inviolabiliter
582 4200 782 4286 observetur,
805 4224 891 4288 pena
912 4201 1080 4266 fallamur¹
1108 4199 1300 4287 subscripta,
1322 4207 1359 4264 ut

169 4425 233 4482 377.
272 4429 334 4480 ιιΒ.
354 4458 387 4466 -
405 4439 415 4462 ⁸
434 4430 464 4479 Β.
483 4435 547 4482 statt
565 4429 728 4495 Racohdmf.
756 4458 788 4466 -
812 4431 869 4481 (Β.
888 4434 958 4482 occia
983 4457 1013 4467 -
1040 4431 1101 4481 ⁸13.
1120 4434 1185 4480 statt
1201 4431 1309 4480 manino.
1329 4456 1361 4466 -

169 4515 232 4567 ΙΙΒ.
251 4520 315 4567 statt
332 4533 357 4567 a.
381 4543 414 4553 -
436 4516 492 4567 ¹13.
511 4521 575 4568 statt
587 4516 720 4582 subimus.

274 4653 286 4686 ⁴
302 4655 469 4723 Ragslsdorf‚
482 4655 558 4709 G.·B.
569 4657 731 4724 Haugsdort,
744 4658 776 4709 V.
791 4657 825 4708 U.
839 4657 876 4710 Μ.
889 4659 919 4708 Β.
939 4686 972 4694 -
990 4655 1163 4724 ⁵Kirchberg
1175 4671 1218 4707 am
1227 4655 1364 4723 Wagram,

173 4743 206 4793 V.
219 4743 253 4794 U.
266 4743 302 4794 M.
315 4744 346 4795 B.

223 4835 332 4878 Pontes.
351 4836 381 4879 11.
391 4835 456 4878 loth.
475 4835 560 4879 derl.
1174 4834 1208 4882 23
