3400 5350
373 421 414 486 98

371 612 517 699 predicto
533 612 705 677 conventui
719 610 808 676 litem
823 611 999 677 intulerunt
1012 623 1205 695 asserentes,
1218 610 1305 698 quod
1321 610 1436 676 eadem
1451 611 1564 697 predia

372 715 415 782 ad
445 718 530 802 ipsos
559 718 628 781 iure
656 713 848 780 hereditario
873 715 1025 781 devoluta
1047 718 1163 782 iniuste
1187 716 1400 781 Gotwicensis
1423 715 1561 781 ecclesia

373 820 541 903 detineret,
564 819 640 884 licet
662 829 833 902 constaret,
857 819 943 906 quod
966 819 1132 906 predictus
1159 829 1336 885 conventus
1367 843 1425 906 per
1455 819 1565 885 defini·

372 928 473 990 tivam
500 923 610 989 iudicii
637 925 829 990 sententiam
852 946 891 989 ea
919 927 1117 1010 optinuerat·
1145 935 1178 991 et
1204 926 1279 1011 quia
1305 923 1483 1010 personalis
1512 947 1565 988 ex·

371 1031 480 1094 titerat
503 1028 667 1093 concessio
689 1037 722 1093 et
742 1027 816 1092 ideo
839 1028 881 1093 ad
905 1027 1043 1093 heredes
1065 1030 1227 1094 successio
1257 1050 1321 1093 non
1352 1027 1505 1093 currebat
1534 1037 1566 1092 et

373 1132 461 1220 quod
483 1134 667 1198 interventu
688 1135 825 1218 pecunie
848 1157 869 1197 a
890 1133 1069 1220 legittimis·
1092 1132 1267 1199 heredibus
1291 1144 1360 1198 erat
1373 1134 1565 1197 renuntiatio

373 1236 547 1303 celebrata
589 1235 738 1301 Tandem
761 1236 853 1301 nobis
877 1246 909 1302 et
930 1236 1076 1322 predicto
1100 1240 1250 1324 episcopo
1272 1235 1490 1302 mediantibus
1512 1233 1565 1300 tali

373 1343 590 1408 transactione
611 1339 649 1404 lis
672 1340 732 1405 fuit
753 1347 885 1426 sopita·
908 1352 944 1406 ut
965 1344 1042 1428 ipsis
1065 1342 1218 1407 iratribus
1235 1343 1377 1407 Henrico
1400 1353 1432 1406 et
1455 1340 1565 1408 Ottoni

374 1457 406 1512 et
428 1447 529 1511 sorori
552 1466 664 1510 eorum
686 1443 816 1533 Haplca
837 1456 1024 1533 nuncupate
1047 1458 1224 1512 conventus
1248 1447 1462 1513 Gotwicensis
1490 1466 1566 1531 qna·

375 1550 562 1636 dringentas
584 1548 684 1614 libras
707 1549 915 1616 Wiennensis
942 1561 1070 1617 monete
1100 1551 1301 1637 persolveret
1327 1562 1359 1616 et
1389 1558 1566 1615 conventus

374 1654 586 1721 Gotwicensis
620 1653 751 1719 easdem
786 1657 1004 1741 possessiones
1038 1654 1192 1742 deinceps
1225 1655 1326 1721 libere
1360 1665 1392 1721 et
1427 1654 1566 1741 pacifice

373 1758 561 1847 possideret.
596 1758 668 1824 Hec
691 1768 799 1823 antem
822 1762 961 1844 pecunia
984 1759 1099 1826 eodem
1121 1784 1216 1845 anno,
1240 1783 1302 1847 quo
1326 1770 1359 1825 et
1381 1761 1567 1846 compositio

373 1866 434 1930 fuit
459 1862 632 1947 celebrata,
663 1872 780 1928 statuto
807 1864 944 1929 termino
967 1875 1082 1950 quater
1108 1866 1140 1930 in
1163 1887 1247 1931 anno
1281 1864 1341 1930 fuit
1370 1863 1483 1929 soluta.
1522 1863 1567 1928 Ut

374 1978 483 2033 antem
520 1967 582 2032 hec
620 1976 692 2032 rata
728 1978 761 2031 et
796 1968 986 2033 inconvulsa
1023 1978 1235 2054 permaneant
1271 1979 1303 2033 et
1339 1968 1568 2033 monasterium

375 2072 580 2138 Gotwicense
602 2069 723 2135 nullam
746 2070 862 2136 amodo
885 2074 1040 2137 sustineat
1061 2071 1215 2137 lesionem
1237 2071 1291 2136 vel
1315 2073 1568 2136 controversiam

374 2174 428 2241 vel
458 2174 684 2261 calumpniam,
714 2177 857 2261 presenti
889 2178 1046 2262 scripture
1080 2176 1192 2262 sigillil
1226 2178 1325 2242 nostri
1353 2176 1569 2240 testimonium

374 2279 566 2346 adhibemus
603 2288 713 2363 testes,
751 2281 806 2365 qui
844 2290 1013 2364 presentes
1051 2278 1196 2364 aderant
1230 2282 1334 2345 notari
1366 2277 1568 2363 mandantes,

374 2406 510 2470 quorum
525 2385 670 2468 gravitas
693 2392 726 2448 et
747 2381 899 2448 honestas
922 2406 1050 2449 omnem
1066 2383 1282 2471 calumpniam
1304 2381 1469 2464 excludat,
1494 2403 1569 2468 quo·

374 2511 447 2553 rum
476 2487 539 2552 bec
568 2500 644 2552 sunt
671 2488 817 2552 nomina:
851 2510 893 2552 ex
923 2497 1015 2574 parte
1046 2489 1202 2574 episcopi:
1236 2488 1409 2553 Heinricus
1440 2487 1569 2551 maioris

375 2592 513 2658 ecclesie
535 2592 726 2679 prepositus,
757 2591 951 2658 Chnnradus
981 2594 1109 2657 maioris
1136 2591 1272 2658 ecclesie
1303 2590 1474 2678 plebanus,
1505 2612 1570 2654 ma·

375 2700 476 2784 gister
490 2697 673 2773 Heinricus,
689 2699 842 2782 magister
857 2697 1090 2784 Marquardus3
1106 2696 1148 2762 de
1163 2695 1436 2762 ministerialibus:
1460 2694 1569 2760 Hade

375 2823 484 2867 marus
507 2799 549 2866 de
571 2800 704 2885 Wesen,
727 2800 896 2866 Lintoldus
927 2800 968 2866 de
996 2800 1205 2886 Sauerstetin,
1235 2802 1407 2866 Heinricus
1437 2809 1471 2864 et
1493 2797 1568 2863 Otto

377 2905 418 2971 de
441 2905 626 2991 Morspacb‚
649 2927 786 2992 quornm
808 2926 907 2971 causa
934 2904 1107 2992 agebatur3
1139 2916 1295 2991 exparte
1322 2904 1429 2970 ducis:
1462 2903 1568 2970 Chun-

374 3010 473 3076 radus
496 3032 614 3093 comes,
630 3008 837 3075 Hademarus
853 3008 895 3074 de
911 3008 1144 3096 Ohunnringen
1160 3018 1192 3074 et
1206 3008 1263 3075 filii
1277 3013 1345 3074 eius
1361 3008 1568 3075 Hademarus

376 3125 409 3180 et
431 3114 614 3198 Heinricus,
639 3112 795 3178 liudolfus
819 3113 861 3177 de
884 3112 1070 3196 Potendorf,
1093 3113 1252 3180 Irnfridus
1275 3112 1317 3178 de
1331 3112 1514 3200 Hintperch
1537 3124 1570 3179 et

375 3220 492 3284 fratres
514 3219 572 3299 sni,
596 3216 769 3282 Heinricus
792 3215 833 3282 de
856 3215 1035 3302 Zebingen‚
1058 3217 1263 3282 Hademarus
1286 3216 1328 3282 de
1343 3217 1568 3301 Snnneberch‚

377 3320 571 3389 Ohunradus
599 3320 641 3386 de
662 3320 836 3386 Arnsteine
859 3330 892 3386 et
913 3322 1013 3386 frater
1036 3323 1105 3386 eius
1127 3320 1260 3405 Albero,
1283 3319 1496 3386 Meinhardus
1528 3321 1569 3386 de

376 3424 599 3507 lmzeinsdorf,
623 3423 698 3490 Otto
729 3424 771 3490 de
793 3424 1013 3510 Anzinberge‚
1036 3424 1207 3490 Liutoldus
1238 3424 1279 3491 de
1302 3424 1506 3491 Altenburch
1538 3437 1569 3492 et

375 3530 475 3596 frater
498 3531 565 3594 eius
588 3527 783 3595 Chunradus
806 3539 839 3593 et
862 3528 916 3594 alii
939 3552 1036 3616 quam
1058 3528 1177 3615 plures.
1217 3529 1302 3595 Acta
1323 3539 1399 3595 sunt
1420 3529 1483 3596 hec
1498 3533 1569 3617 ipsa

375 3634 438 3718 die,
461 3631 591 3720 quando
606 3631 735 3697 Vlricus
757 3633 961 3698 Pataviensis
984 3635 1154 3720 episcopus
1178 3643 1315 3720 quatuor
1336 3633 1450 3699 altaria
1464 3637 1569 3720 prima

376 3741 409 3804 in
432 3735 610 3802 Lirnvelde
633 3739 844 3820 consecravit,
876 3759 942 3823 qua
971 3739 1067 3803 etiam
1098 3737 1151 3803 die
1181 3736 1250 3803 dux
1279 3737 1460 3803 licentiatus
1482 3741 1569 3804 viam

375 3841 459 3907 ultra
474 3864 563 3906 mars
579 3842 713 3927 arripuit
732 3852 743 3878 ⁶
774 3841 870 3907 Anno
887 3842 1006 3908 domini
1022 3842 1189 3908 millesimo
1205 3841 1426 3908 ducentesimo
1440 3843 1567 3927 XVIII,

375 3946 549 4012 indictione
572 3944 629 4021 VI,
653 3945 711 4013 VI.
727 3945 887 4012 kalendas
909 3948 987 4012 iulii.

480 4138 507 4189 S.
520 4137 545 4189 d.
557 4138 693 4206 Herzoges
718 4139 834 4206 Leopold
853 4140 908 4201 Vl„
931 4140 1082 4207 ungafarbt,
1105 4141 1146 4190 111
1158 4141 1180 4189 Δ
1193 4142 1219 4202 3,
1237 4140 1285 4191 Ar.
1298 4139 1404 4191 Abbild.
1427 4140 1472 4192 bei
1490 4140 1568 4201 Sars,

376 4225 466 4293 Siegsl
484 4224 508 4275 d.
522 4230 613 4276 tatem.
624 4226 699 4293 Bag„
711 4226 866 4293 Sep-Abiit.
880 4227 906 4278 S.
919 4229 952 4278 st
971 4227 1030 4293 rig.
1043 4229 1085 4278 23.
1112 4228 1167 4278 Dar
1184 4227 1322 4278 ausdruck
1339 4227 1386 4278 des
1397 4227 1568 4279 steieriscbeu

376 4312 480 4379 Sisgela
497 4327 541 4363 am
559 4312 608 4363 Rr.
619 4313 717 4364 weicht
734 4330 787 4365 von
805 4313 878 4364 allen
901 4314 946 4365 bei
964 4314 1035 4366 Sara
1056 4314 1246 4381 autgeftlhrten
1268 4313 1514 4381 Siegelabdrneken
1536 4315 1568 4366 ab

376 4400 431 4451 und
449 4401 492 4464 ist,
510 4415 588 4452 wenn
600 4400 671 4452 Sara
688 4401 786 4468 richtig
797 4401 956 4468 gezeicbnet
967 4402 1022 4464 bat,
1040 4403 1085 4453 ein
1096 4417 1165 4469 ganz
1177 4417 1268 4463 neuer,
1281 4402 1371 4453 bisher
1384 4402 1568 4453 unbekannter

377 4605 425 4662 88.
482 4609 673 4662 l''lbeilireise
696 4610 922 4662 verschwommen
945 4611 1045 4678 iufolge
1071 4613 1146 4663 sinas
1168 4611 1378 4663 Peuchtfleclres.
1403 4640 1434 4649 -
1458 4622 1469 4646 0
1492 4611 1569 4678 Folgt

377 4697 439 4747 eine
456 4695 523 4747 freis
541 4696 615 4748 Zeila
633 4696 766 4749 ruiscben
785 4696 845 4748 dem
864 4704 952 4749 ersten
971 4698 1026 4749 und
1044 4700 1156 4750 aweitsn
1174 4698 1270 4750 Theile
1288 4698 1334 4750 des
1352 4700 1474 4750 Datrrmr.
