3400 5350
355 397 421 462 560

400 587 483 656 639.
1090 594 1172 653 laer
1189 595 1249 652 Μαί
1266 594 1316 660 11,
1333 594 1504 665 mersburg.

357 774 423 840 Abt
444 774 589 856 Stephon
609 775 678 839 aad
699 774 756 839 der
778 774 918 840 Oouvcnt
939 794 1000 839 ooo
1021 773 1201 857 Ebersberp
1221 772 1386 839 salman
1407 773 1465 837 mit
1486 770 1554 836 Abt

358 876 472 945 ucat
501 878 570 943 uod
600 877 669 942 mm
699 877 854 944 Convente
882 897 943 942 ooo
973 877 1127 960 Gdttweip
1159 878 1251 942 eim
1285 875 1553 959 Verbrrtderwrpa-

414 1030 416 1035 «
886 987 1021 1065 vertrap.

459 1149 532 1217 Orig.
551 1145 605 1217 (Δ),
621 1148 699 1216 Perg.
712 1148 910 1214 feuchtflcokig.
934 1149 1007 1199 Zwei
1024 1146 1115 1215 Siegel
1132 1162 1167 1199 an
1185 1146 1398 1216 Perg.-Streifan.

459 1322 527 1388 Nos
550 1319 733 1408 Stephanus
764 1319 817 1384 dei
847 1322 959 1406 gracia
981 1319 1084 1385 abbas
1114 1329 1263 1407 totamque
1286 1327 1463 1385 conventus
1485 1341 1549 1385 mc

355 1428 487 1492 nasterii
509 1428 612 1491 sancti
634 1424 816 1492 Sebastiam
837 1426 872 1490 in
894 1424 1101 1511 Ebersperch
1130 1424 1320 1511 profitemur
1348 1434 1381 1490 et
1402 1433 1549 1488 constare

355 1530 505 1595 volumus
535 1531 734 1617 presentium
763 1529 998 1617 inspectoribus
1027 1529 1197 1613 universis,
1227 1528 1313 1615 quod
1339 1527 1416 1594 licet
1437 1550 1547 1593 sccun-

356 1635 433 1700 dum
456 1634 635 1721 apostolum
659 1657 759 1699 unum
781 1656 898 1721 corpus
928 1637 962 1699 in
984 1636 1119 1699 earitme
1141 1633 1259 1700 Christi
1289 1643 1322 1699 et
1343 1631 1387 1698 ad
1409 1634 1549 1698 invicem

356 1738 503 1805 membra
525 1741 625 1804 simus
648 1748 681 1803 et
702 1737 744 1804 ob
767 1736 829 1803 boc
859 1747 1025 1825 tamquam
1053 1738 1153 1824 ipsius
1183 1740 1326 1824 corporis
1348 1758 1470 1823 organa
1489 1759 1549 1802 nos

355 1853 524 1910 teneamur
554 1846 680 1909 sincere
710 1843 853 1908 caritatis
883 1842 1012 1908 vinculo
1034 1852 1145 1908 mutuo
1172 1842 1357 1927 confovere,
1387 1841 1548 1907 familiari·

355 1950 429 2014 tatis
458 1957 568 2013 tamen
595 1947 732 2032 longave
764 1956 930 2013 contracta
960 1948 1107 2013 amicicia
1128 1956 1161 2012 et
1182 1947 1321 2034 plurima
1342 1947 1482 2011 caritatis
1504 1946 1547 2011 ab

260 2108 262 2113 .
356 2054 494 2119 ecclesia
517 2062 549 2118 et
570 2051 724 2117 fratribus
747 2061 858 2116 sancte
881 2050 985 2117 Marie
1016 2073 1145 2139 semper
1171 2052 1305 2137 virginis
1336 2052 1370 2115 in
1393 2049 1546 2117 Odttwico

357 2157 513 2245 obsequia
534 2156 627 2222 nobis
651 2166 683 2221 et
705 2155 841 2222 ecclesie
865 2167 972 2221 nostre
1004 2154 1045 2219 de
1067 2154 1267 2221 liberalitatis
1298 2177 1411 2221 eorum
1438 2156 1549 2240 gracia

357 2261 502 2328 exhibita
532 2260 748 2327 reverendum
777 2263 810 2325 in
833 2259 961 2325 Christo
990 2270 1116 2347 patrem
1147 2268 1179 2325 et
1201 2259 1366 2324 dominum
1397 2270 1549 2343 nostrum,

357 2366 521 2432 dominum
552 2365 699 2431 Vln'cum
731 2363 952 2430 venerabilem
986 2363 1138 2429 abbatem
1169 2374 1201 2429 et
1231 2371 1424 2429 conventum
1453 2365 1552 2450 ipsius

357 2470 493 2537 ecclesie
523 2478 635 2534 sancte
657 2469 761 2535 Marie
790 2470 823 2533 in
846 2467 1002 2534 Odttvvico
1025 2479 1058 2534 et
1084 2489 1142 2533 nos
1165 2467 1336 2554 utrobique
1357 2467 1549 2550 allexerunt,

356 2574 444 2664 quod
467 2575 614 2663 specialis
636 2597 677 2640 ac
699 2573 795 2662 plene
819 2574 1089 2639 confraternitatis
1111 2575 1230 2638 unione
1260 2575 1423 2638 internos
1446 2581 1478 2638 et
1499 2595 1549 2637 ec·

357 2681 488 2747 alesiam
510 2691 652 2747 nostram
675 2690 707 2746 et
729 2702 783 2745 eos
806 2701 846 2744 ac
868 2677 1040 2744 eeclesiam
1071 2700 1181 2743 eorum
1211 2686 1367 2764 perpetuo
1395 2675 1546 2743 durature

356 2808 414 2853 nos
437 2787 482 2851 eis
506 2786 620 2873 stipsi
642 2784 735 2849 nobis
758 2782 894 2869 obligari
924 2782 1072 2847 volumus
1102 2781 1327 2847 inviolabiliter
1350 2792 1382 2847 et
1404 2781 1544 2867 astringi,

356 2901 392 2956 ut
415 2913 452 2956 eo
474 2892 557 2954 inter
580 2912 638 2954 nos
666 2899 698 2954 et
728 2891 813 2975 ipsos
843 2889 965 2953 maiora
995 2886 1172 2951 dilectionis
1204 2885 1389 2951 devocionis
1419 2893 1451 2951 et
1472 2885 1545 2950 ami·

357 2996 436 3060 eicie
458 2994 573 3059 federa
594 2995 796 3059 innoventur.
822 2991 1028 3078 Quapropter
1050 2989 1288 3056 deliberacione
1311 2989 1456 3076 diligenti
1477 3011 1545 3076 pre·

355 3097 468 3164 habita
491 3099 633 3163 unanimi
655 3107 730 3163 voto
752 3108 785 3163 et
807 3119 966 3161 consensu
997 3097 1165 3161 statuimus
1195 3105 1227 3159 et
1253 3097 1340 3160 omni
1361 3092 1545 3159 devocionis

356 3201 462 3268 studio
485 3203 722 3286 confirmamus,
755 3211 790 3266 ut
812 3223 923 3266 omnes
954 3200 1070 3265 fratres
1098 3200 1199 3284 ipsius
1230 3199 1415 3263 monasterii
1437 3207 1545 3263 sancte

356 3307 460 3372 Maris
474 3309 508 3372 in
524 3305 691 3391 Cdttvvico,
715 3305 975 3392 quandocunque
998 3314 1031 3369 et
1053 3305 1336 3390 quocienscunque
1360 3324 1434 3367 cum
1448 3301 1544 3367 literis

355 3411 545 3477 obediencie
567 3433 698 3476 suorum
720 3409 915 3497 prelatorum
938 3409 1087 3474 destinati
1102 3405 1146 3472 ad
1160 3416 1305 3473 nostrum
1319 3409 1545 3472 monasterium

355 3519 572 3603 pervenerint,
596 3514 719 3581 ibidem
734 3538 755 3580 a
769 3514 862 3580 nobis
885 3524 918 3580 et
938 3537 959 3579 a
980 3515 1096 3578 nostris
1119 3511 1360 3578 successoribus
1382 3521 1545 3597 tamquam

356 3623 456 3685 nostri
489 3620 666 3686 confratres
701 3622 829 3685 nutricii
862 3619 915 3684 vel
948 3599 1094 3704 indigne⁸
1114 3617 1256 3703 benigne
1291 3616 1480 3702 colligantur
1512 3626 1544 3680 et

357 3724 528 3811 benignius
561 3734 800 3811 pertractentur
828 3723 1014 3808 nobiscum,
1051 3721 1206 3809 quamdiu
1234 3743 1294 3808 per
1322 3720 1544 3786 obedienciam

355 3851 489 3894 manere
512 3828 672 3896 voluerint
692 3840 749 3895 aut
769 3830 919 3915 permissi
941 3828 1061 3893 fuerint
1083 3826 1212 3893 domino
1235 3827 1394 3910 servituri,
1417 3824 1544 3912 plenam

355 3934 499 4000 babeant
520 3937 766 4020 percepcionem
789 3933 956 4020 prebende
979 3935 1012 3997 in
1034 3931 1183 3997 omnibus
1212 3941 1244 3995 et
1265 3930 1399 4017 singulis
1422 3930 1545 3996 solaciis

355 4039 562 4126 generalibus
586 4038 778 4126 specialibus
800 4048 833 4103 et
854 4036 1114 4125 particularibus,
1137 4033 1410 4122 quemadmodum
1432 4034 1545 4099 fratres

355 4147 454 4211 nostri
476 4145 523 4208 sic
545 4146 658 4227 eciam,
682 4154 717 4208 ut
739 4145 881 4209 omnium
896 4142 1031 4207 fratrum
1045 4144 1285 4227 premissorum,
1308 4161 1445 4225 quorum
1459 4136 1545 4225 apud

355 4271 414 4315 nos
436 4248 541 4314 obitus
563 4251 746 4333 innotuerit,
769 4258 935 4334 tamquam
958 4269 1001 4312 ex
1023 4246 1115 4312 nobis
1138 4244 1373 4310 decedencium
1388 4243 1545 4310 habeatur

355 4356 509 4420 memoria
531 4356 565 4419 in
588 4355 750 4418 consuetis
778 4352 1019 4438 pulsacionibus
1046 4361 1078 4416 et
1100 4351 1214 4416 officiis
1237 4349 1463 4416 defunctorum
1485 4349 1544 4414 hoc

355 4460 490 4544 adiecto,
515 4457 602 4545 quod
623 4480 682 4544 pro
705 4456 850 4523 defuncti
868 4456 971 4522 salute
987 4455 1155 4543 prebenda
1176 4457 1271 4520 unius
1293 4454 1402 4521 fratris
1423 4455 1478 4520 illa
1493 4454 1544 4521 die

355 4563 552 4650 pauperibus
582 4563 746 4649 largiatur.
792 4563 863 4627 Hiis
896 4561 1043 4627 omnibus
1078 4563 1124 4626 sic
1154 4562 1287 4646 astringi
1319 4560 1478 4644 volumus,
1510 4569 1546 4625 ut

356 4668 457 4734 simile
478 4668 572 4734 nobis
602 4668 659 4734 fiat
689 4668 830 4734 caritatis
860 4667 1051 4754 obsequium
1079 4670 1111 4732 in
1142 4674 1252 4731 sancte
1274 4665 1378 4731 Marie
1408 4665 1545 4732 ecclesia
