3400 5350
1310 424 1371 488 201

178 615 212 677 in
235 612 326 678 Stain
349 635 434 677 anno
458 612 601 678 domini⁰
631 613 859 679 MCCLXXX
882 636 976 690 nono,
1003 615 1179 680 indictione
1203 614 1374 696 secunda,¹

178 716 270 781 VIII.
287 715 445 781 kalendas
468 716 618 781 octobris.

224 977 302 1044 185.
865 985 947 1041 1289
964 986 1089 1043 October
1107 985 1155 1051 14,
1173 987 1331 1059 thtwelg.

179 1170 245 1235 Ate
277 1169 433 1235 Heinrich
467 1192 528 1236 veo
561 1169 714 1253 Grittweiy
747 1170 816 1235 cred
848 1170 905 1235 der
934 1169 1073 1237 Conveni
1104 1172 1276 1253 oerkousen
1305 1172 1375 1235 dem

180 1272 343 1339 Passauer
376 1272 557 1338 Domberrn
590 1274 747 1339 Heinrich
780 1296 840 1339 von
870 1273 952 1339 Ione
980 1296 1035 1339 um
1061 1274 1311 1341 audivisse
1335 1283 1375 1339 ab.

398 1378 459 1443 derv
473 1377 673 1445 Weineehent
694 1380 730 1443 iu
752 1379 872 1444 Loiben
893 1400 934 1443 eu
956 1379 1157 1464 Leibyedioq.

284 1571 357 1637 Orig.
380 1568 426 1638 (A)
449 1572 485 1621 im
509 1570 611 1637 konigl.
629 1571 800 1622 Reichsarcb.
823 1574 852 1622 in
876 1572 1010 1622 Mtinchen
1034 1572 1184 1639 (Signatum
1212 1573 1246 1623 ad
1268 1574 1379 1635 Paeseu,

179 1659 299 1710 bischdll.
312 1659 400 1720 Arch„
418 1660 552 1723 Mentem,
571 1660 645 1711 I‘asc.
659 1658 696 1724 4),
714 1660 792 1725 Perg.
828 1659 870 1709 Au
888 1660 1095 1725 Perg.·8treiien
1114 1662 1179 1711 arrei
1199 1661 1297 1727 Siegel.

284 1781 357 1830 Mon.
370 1781 447 1831 boica
465 1780 604 1846 xxlxsn,
622 1783 670 1831 evi
691 1783 795 1831 ur.173
814 1780 999 1847 (Authentica)
1017 1796 1071 1847 reg.

285 1954 352 2019 Nos
376 1954 550 2018 Heinricus
582 1953 635 2017 dei
666 1956 778 2038 gracia
806 1952 909 2019 abbas
938 1963 1090 2041 totusque
1113 1963 1293 2021 conventus
1316 1955 1379 2019 fra·

181 2068 267 2124 trum
297 2059 484 2122 monasterii
507 2056 741 2123 Chbtwicensis
772 2060 933 2123 universis
963 2057 1142 2125 litterarum
1174 2061 1378 2146 presencium

180 2161 418 2249 inspectoribus
448 2160 597 2228 volumus
628 2185 698 2228 esse
729 2174 852 2245 notum,
883 2163 971 2250 quod
1002 2175 1135 2250 propter
1165 2166 1377 2229 inminentem

181 2269 409 2332 necessitatem
437 2276 546 2332 nostro
572 2269 767 2332 monasterio
798 2267 1052 2333 decimacionem
1083 2269 1149 2332 vini
1182 2270 1214 2331 in
1242 2269 1379 2334 Leuben

181 2379 295 2454 totam,
323 2392 387 2456 que
414 2378 557 2435 nostram
581 2370 751 2437 ecclesiam
773 2373 937 2457 respicere
961 2370 1149 2453 dinoscitur,
1173 2381 1312 2458 excepta
1334 2382 1379 2437 ta·

182 2497 257 2539 men
285 2473 411 2539 decima
437 2475 606 2539 vinearum
635 2474 837 2540 dominorum
866 2485 1051 2542 nostrorum
1078 2478 1306 2542 canonicorum
1330 2498 1379 2541 ec

183 2577 279 2643 clesie
305 2578 509 2643 Patavicnsis
540 2577 670 2644 domino
701 2580 856 2644 Heinrico
887 2580 973 2645 dicto
1007 2579 1048 2644 de
1080 2581 1171 2656 Inue,
1202 2579 1380 2646 venerabili

183 2685 338 2748 canonico
368 2692 401 2748 et
430 2683 634 2749 vicedomino
665 2683 811 2750 eiusdem
842 2685 978 2750 ecclesie
1006 2686 1220 2770 Pataviensis,
1248 2695 1381 2772 propter

184 2789 398 2872 promocionis
422 2796 455 2852 et
484 2786 664 2854 dilectionis
691 2792 887 2870 constancia,
919 2812 984 2876 qua
1006 2811 1064 2855 nos
1086 2812 1126 2854 ac
1147 2798 1293 2855 nostrum
1316 2811 1380 2855 mo-

184 2892 361 2958 nasterium
389 2890 603 2977 amplectitur,
631 2915 690 2979 pro
718 2894 854 2978 triginta
884 2901 917 2958 et
947 2894 1090 2980 quinque
1117 2893 1208 2958 libris
1236 2893 1380 2958 denario·

185 3018 256 3061 rum
280 2997 529 3061 Wiennensium
560 2995 768 3062 vendidimus
797 3000 869 3062 iure
899 2999 1056 3082 precario,
1088 2996 1176 3084 quod
1202 2996 1382 3082 vulgariter

185 3099 391 3186 leibgedinge
422 3099 551 3183 dicitur,
582 3101 783 3185 integraliter
813 3101 1012 3187 colligendas
1040 3099 1155 3165 dantes
1182 3102 1212 3165 ei
1234 3100 1382 3165 fraterni·

185 3213 286 3269 tatem
317 3213 349 3269 et
379 3206 642 3270 communitatum
673 3208 816 3271 omnium
847 3208 1034 3271 oracionum
1058 3214 1090 3270 et
1113 3205 1326 3270 devocionum
1350 3207 1383 3269 in

186 3318 297 3374 nostro
320 3307 455 3373 cenobio
478 3307 679 3392 agendarum
702 3311 735 3373 in
759 3312 889 3394 signum
911 3309 1134 3391 fraternitatis,
1158 3309 1239 3375 duos
1258 3307 1384 3374 calceos

186 3410 351 3498 hyemales
374 3414 407 3476 iu
429 3411 511 3477 festo
533 3413 622 3477 beati
645 3414 776 3479 Martini
800 3413 906 3479 eidem
930 3413 1060 3479 domino
1083 3412 1267 3499 H(eiurico)
1290 3415 1384 3500 quasi

187 3538 251 3580 uno
279 3514 321 3581 de
349 3518 467 3581 nostris
494 3516 712 3582 confratribus
735 3520 828 3583 annis
851 3518 987 3603 singulis
1010 3518 1201 3584 tribuentes.
1248 3518 1283 3583 Si
1307 3541 1385 3583 vero

187 3620 272 3684 infra
301 3621 446 3706 spacium
477 3631 616 3707 quatuor
645 3644 804 3687 annorum
834 3624 941 3708 ipsum
970 3624 1061 3705 mori,
1085 3622 1174 3709 quod
1196 3623 1290 3707 absit,
1314 3644 1386 3687 con·

187 3726 307 3809 tigerit,
337 3724 380 3789 ad
409 3724 552 3790 valorem
583 3728 678 3791 unius
709 3725 791 3791 libre
823 3727 1031 3792 denariorum
1062 3727 1104 3792 de
1134 3748 1233 3792 manu
1263 3726 1386 3792 domini

188 3829 315 3894 abbatis
338 3829 607 3914 porrigendorum
629 3830 784 3896 fratribus
807 3833 872 3895 iam
896 3831 974 3896 dicti
997 3833 1184 3897 monasterii
1207 3832 1300 3895 annis
1325 3832 1387 3894 sin·

188 3932 294 4017 gulis·
326 3932 506 3999 consolacio
537 3934 595 3999 fiat
626 3937 659 4000 in
690 3937 880 4000 memoriam
911 3937 961 3999 sui
993 3936 1207 4001 anniversarii
1229 3944 1385 4020 perpetuo

189 4036 374 4102 celebrandi
402 4038 614 4125 predicteque
642 4038 766 4103 decime
794 4041 863 4104 viui
886 4039 928 4105 ad
951 4050 1097 4104 nostrum
1121 4039 1292 4105 cenobium
1315 4037 1385 4102 abs-

190 4163 252 4228 que
275 4142 480 4227 impeticione
503 4141 647 4228 quelibet
669 4153 884 4209 revertentur.
920 4144 959 4208 In
982 4145 1073 4209 cuius
1096 4145 1143 4208 rei
1167 4142 1384 4208 testimonium

189 4365 254 4422 184.
292 4380 303 4403 ⁰
322 4371 377 4420 Das
394 4368 532 4435 Fulgende
549 4386 610 4421 vom
628 4370 704 4437 Buge
723 4370 859 4423 verdeckt

294 4487 305 4521 ¹
323 4491 362 4542 Ist
379 4491 423 4542 die
434 4491 548 4543 Indictis
566 4492 610 4544 die
622 4492 796 4555 Bedanische,
814 4492 886 4543 donn
900 4494 935 4543 ist
946 4492 1045 4545 bereite
1056 4491 1101 4543 die
1111 4489 1168 4543 Iud.
1182 4491 1222 4541 111
1240 4506 1272 4541 zu
1285 4495 1384 4543 setzem

190 4580 245 4630 For
262 4579 305 4631 dle
323 4578 438 4630 Indictio
457 4579 594 4646 pontificia
611 4582 714 4631 stimmt
731 4581 775 4631 die
793 4580 914 4647 Augabe

191 4698 254 4751 185.
293 4709 307 4733 ⁸
326 4699 405 4767 Folgt
421 4701 530 4768 getilgtr
547 4717 601 4751 eoo.
