3400 5350
1290 373 1333 442 65

134 587 208 631 rum
231 566 300 631 eius
323 576 439 651 rogatu
462 565 635 653 delegans‘¹
657 565 736 632 illud
765 568 799 631 in
828 590 959 645 manum
992 566 1181 634 Gebehardi
1208 570 1332 634 comitis

135 669 177 734 de
200 670 328 755 Piugen
350 670 406 735 tali
429 682 532 756 pacto,
556 682 600 755 ut,
625 693 688 757 quo
710 672 782 757 ipsa
803 674 945 756 petisset,
969 671 1117 758 predium
1139 672 1226 738 idem
1249 672 1333 737 dele·

134 782 238 858 garet,
271 774 358 861 quod
387 784 420 840 et
441 775 527 841 secit.
557 776 643 841 Nam
666 775 828 860 delegerit
858 775 936 840 illud
960 799 1057 862 super
1089 776 1190 842 altare
1221 786 1333 855 sancte

134 878 242 955 Maris
263 880 298 943 in
320 889 429 945 monte
451 881 600 945 Kotwico
622 879 766 944 adiciens
789 890 821 944 et
843 880 1025 964 ecclesiam,
1053 901 1116 967 que
1143 880 1261 946 dicitur
1289 880 1333 945 ad

134 983 255 1066 Purch,
278 994 431 1070 presente
454 984 649 1071 Reginmaro
665 984 849 1048 Pataviensi
870 987 1019 1070 episcopo
1035 993 1068 1049 et
1081 985 1237 1050 Nanzone
1253 988 1333 1049 eius·

135 1087 211 1151 dem
233 1086 297 1151 loci
320 1086 448 1153 abbate.
483 1089 587 1153 Huius
610 1088 790 1153 traditionis
817 1098 916 1153 testes
942 1088 987 1153 hii
1010 1096 1085 1153 sunt
1115 1111 1193 1154 aure
1222 1091 1332 1154 tracti:

135 1190 334 1257 Chunradus
357 1191 399 1256 dc
421 1193 611 1277 Roningin,⁰
641 1193 805 1257 Dietricus
829 1190 871 1255 de
890 1192 1153 1279 Leichelingen⁸,
1181 1193 1333 1257 Alramus

135 1296 175 1360 de
213 1295 480 1381 Pleinchipach⁰,
517 1295 708 1362 Werinhart
745 1294 786 1360 de
824 1295 1036 1381 Zelkingen,⁰
1074 1295 1253 1383 Diepoldus
1291 1295 1332 1360 de

135 1400 298 1484 Ohagere,
332 1400 502 1485 tholfirs,
537 1401 750 1486 Regingcrus,
783 1400 1011 1485 Heidenricus,
1044 1401 1243 1485 Rddbertus,
1272 1401 1333 1465 Re·

133 1502 325 1590 ginhardus.
370 1503 487 1569 Felicis
515 1514 623 1569 autem
650 1505 804 1581 memorie
831 1504 993 1570 Gerbirch
1023 1503 1190 1591 postmodo
1220 1503 1333 1568 induta

134 1610 347 1685 sanctimonie
370 1607 483 1673 habitu
513 1608 574 1674 sub
606 1608 790 1673 ohedientia
823 1618 1015 1674 conversata
1049 1620 1098 1673 est
1130 1608 1258 1673 abbatis
1292 1607 1333 1672 de

134 1712 294 1797 Kotwico,
316 1712 373 1776 ubi
395 1735 472 1777 mox
501 1713 613 1778 obiens
643 1713 769 1799 sepulta
800 1715 937 1798 quiescit
964 1715 999 1777 in
1028 1712 1166 1777 domino.
1201 1714 1333 1777 Fratres

134 1826 242 1881 autem
273 1815 389 1902 predia
418 1816 566 1902 largitate
594 1819 663 1882 eius
696 1816 816 1903 adepta
850 1839 908 1902 per
941 1817 1038 1881 LXII
1071 1817 1193 1881 annos⁸
1226 1819 1333 1903 quiete

134 1920 352 2007 possederunt
372 1921 570 2008 temporibus
585 1922 738 1987 videlicet
760 1922 916 1988 abbatum
931 1922 1105 2006 Nanzonis,
1122 1920 1333 2006 Chadelhohi,

135 2025 292 2107 Gerhohi,
316 2025 500 2111 wernheri,
523 2026 702 2091 Friderici⁴
724 2035 756 2092 et
770 2025 934 2091 Iohannis.
957 2027 1063 2090 Huius
1086 2025 1215 2102 abbatie
1231 2025 1333 2090 ΧΠΠ

134 2151 218 2195 anno
242 2139 391 2194 matrona
418 2130 559 2216 quedam
585 2130 651 2195 filia
680 2131 819 2217 predicti
841 2129 1040 2217 W(aldonis)
1068 2129 1111 2194 ab
1140 2132 1333 2215 imperatore

133 2233 304 2298 Friderico
327 2233 485 2299 advocato
506 2243 641 2320 accepto
662 2237 778 2300 comite
793 2233 946 2299 videhcet
961 2234 1126 2299 Friderico
1147 2233 1187 2298 de
1203 2234 1333 2299 Hohen·

133 2337 250 2421 burch,
275 2339 331 2424 qui
352 2340 510 2404 iusticiam
537 2341 606 2404 eius
628 2339 716 2425 apud
739 2361 797 2403 nos
820 2341 975 2424 exigeret,
999 2340 1087 2403 venit
1109 2338 1275 2403 Austriam
1301 2347 1335 2403 et

134 2444 338 2528 querimonia
373 2442 460 2508 facta
489 2465 586 2530 super
623 2443 804 2508 hereditate
836 2452 973 2530 patema
1003 2445 1161 2508 iusticiam
1191 2467 1211 2508 a
1240 2442 1334 2508 nobis

135 2545 335 2632 requirebat,
358 2546 512 2611 fratribus
536 2546 576 2612 de
600 2547 748 2612 Kotwico
771 2558 903 2613 econtra
925 2550 974 2611 ius
996 2547 1138 2634 legitime
1154 2546 1333 2613 traditionis

135 2660 166 2714 et
186 2649 262 2737 plus
286 2672 385 2736 quam
399 2653 595 2717 tricennarie
611 2653 818 2739 possessionis
834 2650 1110 2739 pretendentibus.
1144 2650 1219 2731 Qua
1234 2673 1334 2717 causa

136 2753 188 2819 diu
220 2756 385 2840 utrimque
417 2754 580 2838 ventilata,
614 2778 655 2820 ne
687 2756 862 2843 imperialis
892 2756 989 2821 edicti
1019 2756 1206 2820 videremur
1234 2759 1332 2820 inme·

135 2881 250 2939 mores,
272 2868 306 2924 et
324 2868 360 2924 ut
379 2862 480 2925 omnis
501 2862 699 2947 querimonis
718 2863 872 2947 repeticio
893 2863 926 2925 in
941 2870 1103 2946 posterum
1119 2869 1204 2924 esset
1218 2862 1331 2945 sopita,

137 2962 259 3048 placuit
281 2962 375 3028 nobis
405 2966 488 3029 inter
517 2964 634 3030 fratres
664 2974 697 3030 et
726 2965 904 3051 predictam
935 2973 1115 3030 matronam
1144 2964 1220 3029 h’cet
1248 2963 1332 3027 ultra

136 3069 294 3133 iusticiam
319 3068 389 3132 fieri
405 3070 542 3134 amicam
557 3072 830 3154 compositionem.
865 3069 1019 3153 Acceptis
1041 3070 1138 3153 igitur
1152 3067 1194 3132 ab
1211 3068 1330 3132 abbate

136 3325 180 3383 bb.
241 3329 256 3362 ⁴¹
274 3330 307 3379 L
328 3357 360 3365 -
379 3339 390 3363 ·
408 3329 498 3379 Ueber
516 3329 562 3400 der
580 3330 655 3380 Zeile
673 3346 726 3380 von
744 3330 864 3396 gleicher
881 3329 962 3380 Hand
981 3330 1187 3397 nachgotragen.

138 3449 164 3499 in
187 3452 265 3501 aeine
290 3449 391 3501 thrde
414 3452 572 3516 eingeaetzt,
593 3451 683 3502 verior
709 3466 739 3501 or
765 3453 804 3503 sie
833 3453 901 3501 1120
927 3451 1060 3502 abermals
1086 3451 1142 3501 und
1167 3451 1239 3501 starb
1264 3452 1332 3500 1124

137 3536 255 3588 Februar
273 3539 290 3586 2
309 3537 347 3586 im
365 3536 444 3586 Exile
462 3538 491 3586 in
509 3537 629 3605 Ungarn.
649 3537 764 3604 Gerbirg
775 3537 842 3588 wird
855 3538 925 3589 wohl
943 3540 987 3589 bei
1006 3539 1065 3589 dem
1084 3554 1113 3588 so
1125 3536 1331 3588 wechsolrollen

138 3622 286 3674 Geschiclso
304 3624 378 3673 ihres
396 3624 496 3676 Gatten
515 3623 558 3674 die
576 3626 671 3674 meista
688 3625 748 3675 Zeit
769 3625 841 3675 ihres
860 3607 1028 3675 Ehestandes
1049 3626 1077 3674 in
1097 3624 1264 3675 Oasterreioh
1286 3624 1331 3673 bei

136 3710 218 3763 ibrem
236 3709 343 3761 Bruder
360 3712 503 3762 verbraoht
520 3711 616 3773 haben,
635 3728 675 3762 wo
694 3713 734 3763 sie
751 3712 823 3764 deun
840 3713 910 3763 auch
930 3713 958 3762 in
977 3713 1111 3778 Gottweig
1123 3712 1192 3762 nach
1205 3710 1266 3762 dem
1278 3709 1331 3759 Ab·

138 3796 214 3849 leben
231 3798 307 3849 ihres
325 3797 424 3849 Gatten
442 3798 494 3849 den
513 3797 631 3850 Schleiar
653 3800 742 3850 nahm.
772 3801 863 3850 Dahin
887 3800 992 3850 machte
1014 3800 1070 3850 also
1089 3800 1196 3865 Herzog
1212 3796 1332 3864 Leopold

137 3884 186 3933 auf
199 3885 259 3936 ihre
276 3884 372 3935 Bitton
390 3901 437 3935 zur
454 3885 599 3936 Auaoteuer
616 3886 664 3938 der
681 3887 840 3938 fflrathohen
863 3887 959 3937 Nonne
981 3885 1156 3937 uumittelbar
1177 3902 1226 3937 vor
1249 3886 1331 3935 deren

138 3969 264 4022 Eintritte
287 3974 317 4023 in
339 3973 386 4023 das
408 3973 626 4025 Nonnenkloster
652 3991 674 4025 c.
688 3977 756 4025 1124
782 3975 827 4026 die
854 3976 989 4026 benannte
1015 3973 1179 4039 Schenkung
1205 3972 1332 4040 (Meiller,

138 4055 335 4126 Robach-Reg.
348 4062 399 4110 212
418 4061 493 4110 Anm.
508 4063 565 4113 126.
584 4089 618 4098 -
636 4058 648 4091 ⁸
666 4062 747 4112 Diese
765 4062 877 4128 Angabe
894 4062 929 4111 iat
947 4060 1119 4111 entechieden
1135 4060 1279 4125 unrichtig,
1297 4060 1332 4109 da

138 4144 189 4194 seit
211 4148 287 4207 1124,
310 4146 358 4196 das
380 4148 416 4197 ist
443 4147 491 4197 das
512 4148 581 4199 Jahr
602 4148 650 4198 der
673 4147 843 4215 Schenhnng,
869 4153 923 4198 erst
944 4146 1086 4198 hochstens
1112 4149 1145 4197 47
1164 4146 1247 4197 Jahre
1273 4161 1331 4195 rer-

138 4229 233 4282 flossan
253 4247 353 4283 waren.
389 4233 427 4284 Es
450 4250 522 4285 muso
545 4234 601 4286 also
624 4236 693 4286 nach
717 4236 777 4286 dem
801 4251 835 4285 au
858 4235 1003 4286 schliessen
1027 4234 1130 4285 damals
1152 4233 1196 4284 die
1217 4233 1331 4283 Erinna-

139 4331 207 4383 πως
223 4334 258 4369 an
276 4320 324 4370 das
348 4320 416 4370 Jahr
438 4320 486 4370 der
506 4321 671 4388 Schenhung
692 4323 791 4373 bereits
814 4324 852 4373 im
875 4322 954 4373 Stifte
977 4320 1186 4372 entsehwunden
1206 4334 1331 4386 gewasen

139 4404 204 4465 rein,
221 4405 285 4456 oder
297 4405 363 4457 aber
375 4422 403 4458 es
415 4406 506 4458 wurde
518 4409 569 4458 mit
579 4407 639 4459 dem
652 4409 736 4459 Jahro
749 4411 823 4459 einer
834 4410 953 4459 anderen
965 4407 1154 4474 herzoglichen
1167 4406 1331 4473 Schenhung

140 4492 318 4543 vmeebselt
337 4520 373 4531 ·-
390 4490 403 4522 ⁴
420 4493 473 4544 Abt
490 4493 629 4545 Friedrich
652 4495 719 4545 wird
744 4511 795 4546 nur
812 4511 847 4546 an
870 4496 957 4546 dieser
974 4494 1059 4546 Stelle
1081 4494 1202 4544 orwthnt
1223 4493 1279 4544 und
1301 4496 1329 4544 in

140 4576 235 4628 beiden
257 4579 457 4646 Abtkatalogen
480 4582 530 4631 mit
552 4581 766 4649 Stillschweigen
789 4584 971 4650 tlbergangen.
1007 4583 1088 4633 Seine
1111 4581 1333 4648 Regiorungszeit

141 4676 196 4713 war
211 4666 270 4716 aine
287 4669 405 4718 iusserat
422 4666 514 4730 hurso,
532 4667 567 4718 da
583 4670 641 4719 sein
660 4669 816 4736 Vorgtnger
832 4669 887 4720 Abt
905 4668 1036 4721 Wemher
1056 4670 1122 4717 1155
1132 4668 1284 4719 November
1298 4669 1330 4716 19

194 4755 295 4801 lentae.
315 4758 421 4801 111111.
439 4759 524 4802 sam.
1158 4755 1174 4804 ὅ
