3400 5350
1310 422 1374 489 785

182 611 373 694 huiusmodi,
404 634 446 676 ex
477 610 594 698 quibus
624 632 683 677 vos
712 614 935 678 sustentamini
962 622 995 677 et
1015 614 1133 697 vivitis,
1157 612 1374 699 multipliciter

181 715 415 803 perturbemini
444 726 477 781 et
505 726 541 781 ut
571 715 768 781 commodius
796 716 978 781 huiusmodi
1002 716 1136 782 decimis
1159 726 1192 781 et
1213 716 1307 781 bonis
1328 719 1375 782 uti

182 823 318 907 possitis,
348 843 406 908 pro
438 830 530 908 parte
561 830 671 886 vestra
700 821 793 887 nobis
820 821 881 887 fuit
907 821 1070 887 humiliter
1092 822 1316 909 supplicatum,
1340 830 1375 886 ut

181 926 274 991 vobis
304 936 337 992 ct
366 925 451 991 dicto
481 929 672 991 monasterio
702 935 809 991 vestro
840 947 938 1012 super
967 925 1029 990 boc
1059 925 1232 1013 providere
1256 924 1297 990 de
1321 925 1374 991 be·

182 1034 336 1118 nignitate
366 1030 541 1117 apostolica
574 1030 790 1116 dignaremur.
834 1031 903 1095 Nos
934 1032 1031 1115 igitur
1052 1029 1234 1095 huiusmodi
1258 1030 1374 1118 suppli·

184 1136 361 1202 cationibus
391 1134 545 1220 inclinati,
575 1145 611 1200 ut
641 1134 777 1201 cedente
807 1134 861 1200 vel
888 1134 1066 1201 decedente
1094 1135 1232 1203 seculari
1255 1137 1375 1201 vicario

182 1240 373 1327 presbytero
407 1239 588 1305 huiusmodi
622 1239 707 1305 dicte
741 1240 888 1324 ecclesie,
926 1243 980 1326 qui
1015 1262 1101 1305 nunc
1136 1251 1184 1305 est
1216 1240 1269 1305 vel
1303 1261 1376 1305 eam

182 1343 421 1431 quomodolibet
450 1344 627 1410 dimittente
657 1345 753 1410 liceat
782 1344 876 1410 vobis
906 1367 1006 1410 unum
1037 1343 1267 1431 presbyterum
1296 1343 1374 1431 ydo-

184 1472 280 1514 neum
310 1448 388 1514 dicti
417 1450 518 1513 vestri
547 1448 667 1513 ordinis
689 1452 722 1514 in
745 1459 890 1514 vestrum
912 1460 1103 1536 perpetuum
1126 1451 1283 1513 vicarium
1306 1449 1376 1526 loco

184 1553 329 1620 eiusdem
359 1554 472 1618 vicarii
504 1551 658 1618 secularis
688 1576 819 1641 ponere,
852 1556 906 1640 qui
929 1553 1067 1619 eandem
1091 1552 1261 1619 ecclesiam
1283 1563 1376 1638 regat

183 1683 223 1725 ac
244 1660 323 1724 inibi
346 1658 551 1723 laudabiliter
575 1659 738 1724 deserviat
759 1661 790 1724 in
815 1658 932 1724 divinis
956 1658 1119 1724 diocesani
1141 1658 1203 1723 loci
1226 1669 1258 1724 et
1273 1661 1375 1723 cuius·

183 1765 262 1830 libet
284 1764 415 1828 alterius
442 1786 540 1850 super
562 1764 623 1829 hoc
645 1763 775 1829 licentia
797 1764 849 1829 uel
873 1786 1031 1829 consensu
1053 1766 1184 1829 minime
1204 1765 1376 1850 requisitis,

184 1878 350 1935 reservata
375 1868 492 1934 'tamen
527 1868 569 1933 de
602 1868 761 1935 fructibus
795 1861 976 1934 redditibus
1007 1877 1039 1933 et
1067 1867 1278 1955 proventibus
1307 1890 1376 1955 pre-

184 1976 269 2040 dicte
299 1974 435 2039 ecclesie
466 1996 523 2059 pro
551 1972 664 2038 eodem
695 1976 815 2039 vicario
842 1996 902 2060 per
924 1996 981 2038 vos
1004 1975 1035 2037 in
1060 1971 1175 2038 eadem
1198 1986 1233 2037 ut
1255 1972 1377 2061 prefer·

185 2090 236 2144 tur
265 2076 460 2143 instituendo
492 2098 635 2162 congrua
664 2081 819 2163 portione,
852 2077 893 2142 de
921 2100 985 2164 qua
1008 2076 1094 2141 idem
1117 2079 1257 2142 vicarius
1279 2078 1379 2163 possit

186 2205 327 2268 congrue
358 2183 538 2266 sustentari,
570 2182 765 2269 episcopalia
792 2184 862 2247 iura
885 2181 1010 2247 solvere
1035 2182 1151 2246 atalia
1175 2180 1377 2246 sibiincum·

186 2287 295 2352 bentia
328 2308 426 2352 onera
461 2296 661 2373 supportare,
695 2285 788 2352 vobis
822 2289 1012 2352 auctoritate
1050 2284 1226 2373 apostolica
1264 2294 1376 2350 tenore

186 2394 384 2479 presentium
422 2391 636 2477 indulgemus.
681 2391 769 2457 Nulli
806 2412 884 2478 ergo
923 2393 1049 2456 omnino
1085 2390 1250 2459 hominum
1282 2389 1379 2454 liceat

185 2497 270 2562 hanc
299 2498 451 2583 paginam
480 2505 588 2562 nostre
612 2498 828 2562 concessionis
849 2495 1026 2582 iufringere
1049 2494 1102 2560 vel
1125 2497 1154 2560 ei
1178 2516 1259 2560 ausu
1281 2505 1378 2560 teme·

186 2604 269 2666 rario
299 2603 468 2666 contraire.
515 2599 548 2665 Si
579 2603 650 2687 quis
680 2612 788 2667 autem
820 2600 882 2666 boc
913 2611 1104 2688 attemptare
1137 2602 1378 2687 presumpserit,

186 2707 439 2793 indignationem
461 2707 687 2793 omnipotentis
710 2707 763 2772 dei
786 2717 818 2772 et
839 2707 1010 2773 beatorum
1033 2707 1119 2771 Petri
1143 2717 1175 2770 et
1189 2705 1282 2771 Pauli
1303 2728 1377 2792 apo·

187 2812 338 2878 stolorum
361 2815 430 2876 eius
452 2834 487 2876 se
510 2814 636 2876 noverit
658 2813 871 2878 incursurum.
896 2814 1018 2877 Datum
1040 2811 1143 2876 Rome
1167 2810 1255 2897 apud
1279 2810 1377 2876 Sanc·

186 2927 253 2982 tum
273 2917 405 2981 Petrum
429 2915 488 2981 III.
505 2915 664 2981 kalendas
687 2916 806 3003 aprilis,
830 2916 1033 3003 pontificatus
1056 2917 1154 2981 nostri
1177 2937 1262 2980 anno
1284 2937 1376 2979 nono.

228 3160 304 3226 870.
1110 3165 1333 3239 raasapnrs.

289 3335 466 3421 Hainreicb
496 3334 552 3398 der
578 3333 822 3415 Waicbselpalrcb
852 3354 912 3397 coa
942 3333 1114 3415 Ofeupocb,
1148 3332 1265 3399 Uecilio
1294 3333 1379 3397 saitae

186 3440 310 3504 Matter
342 3438 410 3502 aad
440 3437 579 3503 Dorotbe
611 3439 696 3503 saue
724 3437 818 3502 Fron
850 3437 1023 3521 uslausein
1044 3439 1125 3501 *dem
1155 3435 1310 3502 Ganuenta
1338 3457 1379 3501 aa

185 3543 342 3626 Obotweip
370 3527 428 3625 sair
457 3542 509 3607 die
539 3540 626 3607 Oblei
655 3543 708 3608 des
730 3542 843 3625 Stiffles
871 3562 926 3606 um
949 3546 1014 3606 100
1028 3541 1067 3606 d.
1084 3541 1210 3606 Waener
1224 3547 1266 3607 nt.
1288 3541 1380 3605 ibren

137 3688 141 3696 ,
185 3647 316 3713 nattes
345 3668 389 3711 ou
419 3647 489 3711 dna
511 3645 681 3730 Borystoll
709 3668 750 3711 aa
774 3645 936 3729 Ofenpoeb
964 3651 1079 3711 aummt
1108 3645 1201 3711 ollem
1225 3645 1378 3730 Zapehdr,

184 3753 291 3818 &meu
321 3753 460 3817 audeca
483 3751 574 3816 rasit
603 3751 656 3816 die
677 3752 806 3833 Kdufer
833 3757 955 3834 parides
985 3752 1072 3816 aaa
1102 3751 1240 3816 durator
1268 3771 1378 3834 auspe-

184 3857 304 3923 stellten
330 3856 482 3922 Urltuude
503 3857 596 3922 soson
619 3856 763 3922 oesiam.

288 3961 422 4045 siam.-
455 3960 614 4026 Hainrlch
649 3960 708 4026 der
733 3959 1010 4045 Weichselpekch
1042 3960 1108 4046 (l),
1141 3965 1236 4026 auter
1269 3961 1379 4027 dares

185 4066 288 4150 Siepel
314 4067 380 4132 sich
406 4067 488 4131 anob
517 4066 634 4134 Oecilio
661 4067 745 4130 seiae
767 4064 893 4130 Mutter
919 4067 988 4131 aad
1009 4065 1149 4132 Dorotbe
1174 4066 1259 4132 sarae
1286 4066 1380 4131 Froa

186 4171 302 4237 biudea
332 4171 420 4257 (wan
442 4174 500 4235 wir
522 4173 636 4257 aigner
657 4169 771 4254 insigel
795 4169 830 4234 di
852 4170 896 4234 ait
918 4169 988 4233 selb
1012 4170 1102 4235 nicht
1124 4169 1288 4257 enhetcn),
1311 4172 1379 4236 sein

186 4275 301 4340 Oheim
325 4273 484 4340 Albrecht
512 4267 573 4340 dor
596 4273 833 4339 Sirndnikcher
856 4272 939 4360 (Ii),
970 4273 1120 4339 Fridrich
1152 4274 1211 4340 der
1232 4276 1378 4363 Pdppen·

186 4379 297 4444 dbrfer
319 4379 418 4468 (111),
450 4379 535 4444 Mert
566 4379 625 4443 der
658 4377 972 4444 Plankchenstainer
995 4379 1081 4466 (lv.)
1112 4379 1179 4445 und
1209 4379 1291 4446 Paul
1321 4380 1380 4444 der

184 4483 304 4548 Redler
326 4508 389 4548 von
414 4483 653 4551 Sichttenwerk
677 4482 757 4569 (V.)

244 4586 427 4777 9ss)I)otturt:
458 4586 576 4655 Geben
606 4587 664 4652 des
694 4586 852 4652 nacbsten
883 4589 1033 4673 mdntags
1063 4589 1147 4654 nach
1178 4590 1242 4655 den
1272 4599 1380 4654 ostem

186 4690 243 4776 (13
304 4742 310 4755 .

238 4799 345 4844 rentes.
364 4802 394 4845 11.
405 4803 470 4845 nath.
489 4803 528 4845 ao.
537 4803 574 4845 1⁴1.
1189 4801 1223 4847 50
