3400 5350
1302 441 1364 506 597

170 630 204 693 in
226 629 359 715 prefatis
380 628 473 695 bonis
495 632 550 714 ita,
574 630 660 716 quod
683 641 814 717 propter
835 640 1061 718 paupertatem
1078 633 1262 698 colonorum
1278 632 1364 698 dicte

170 735 308 818 pecunie
337 756 402 800 non
432 745 563 821 possent
585 734 628 800 ad
650 735 898 802 ministrandum
920 745 956 801 ut
977 737 1139 822 prefertur
1160 736 1283 823 haberi,
1308 760 1363 802 ex-

169 847 248 902 tunc
270 861 291 903 a
314 838 472 904 dictarum
489 839 713 905 celebracione
728 843 900 906 missarum
915 844 1035 907 crimus
1050 844 1238 928 supportati,
1263 842 1366 908 donee

170 941 286 1007 cadem
308 942 393 1009 bona
415 945 447 1010 in
470 953 580 1010 nostra
601 954 759 1031 potestate
782 946 825 1012 ad
840 948 1008 1034 pristinam
1023 947 1282 1013 melioracionem
1297 948 1365 1014 fue·

168 1050 232 1114 rint
253 1048 436 1115 reformata.
467 1049 510 1114 Et
531 1071 590 1136 pro
612 1051 815 1116 testimoniali
830 1055 1060 1138 premissorum
1075 1050 1245 1117 evidencia
1261 1053 1365 1138 sigilla

168 1161 278 1218 nostra
299 1153 503 1240 presentibus
526 1163 601 1220 sunt
622 1178 778 1242 appensa.
811 1157 935 1221 Datum
956 1159 989 1221 in
1013 1156 1178 1222 Chotwico
1201 1180 1285 1221 anno
1310 1157 1361 1222 do·

168 1259 246 1336 mini
274 1259 440 1324 millesimo
469 1262 694 1325 trecentesimo
724 1260 823 1326 LXX
850 1262 964 1348 primo,
994 1261 1075 1327 feria
1098 1270 1192 1326 sexta
1214 1264 1364 1348 proxima

167 1373 240 1448 post
261 1362 380 1428 festum
402 1363 585 1450 epiphanie.

270 1557 290 1606 Ι.
313 1555 339 1607 S.
356 1555 381 1605 d.
398 1557 481 1607 Abtes
499 1556 594 1608 Ulrich
610 1558 645 1608 11.
662 1575 687 1607 v.
706 1558 841 1625 Gottweig
859 1559 1024 1626 beschtdigt,
1047 1560 1188 1626 spitzoval,
1211 1559 1364 1626 migetium,

167 1644 207 1694 111
220 1644 241 1694 A
254 1646 270 1693 2
283 1658 300 1693 a
317 1643 367 1711 (nr.
382 1646 429 1694 671
450 1644 476 1695 S.
489 1642 522 1713 1).
559 1673 592 1682 -
627 1646 662 1695 11.
681 1646 707 1697 S.
720 1646 745 1697 d.
758 1647 842 1698 Conv.
855 1664 881 1697 v.
895 1647 1028 1714 Gottweig
1045 1647 1185 1713 spitzoval,
1209 1648 1363 1714 ungcftrbt,

165 1731 193 1781 11
205 1732 235 1781 B.
271 1731 337 1782 Abb.
352 1731 396 1782 bei
408 1730 487 1793 Sava,
506 1731 595 1798 Siegcl
608 1732 632 1784 d.
646 1732 771 1796 Abteien,
788 1734 813 1785 S.
829 1736 871 1795 32,
890 1734 949 1801 mg·
960 1736 984 1785 8.

210 1974 290 2042 673.
866 1982 946 2041 1371
963 1985 1076 2041 ttrner
1092 1983 1142 2049 to,
1159 1983 1318 2056 dtttwetg.

163 2167 229 2231 Aut
258 2166 370 2233 Utricb
391 2167 442 2233 ΙΙ.
466 2188 525 2232 oon
547 2166 700 2251 Gtttwezp
729 2169 798 2235 aad
822 2171 891 2234 aeia
915 2166 1055 2235 Convent
1081 2169 1284 2235 beurhuudea
1312 2170 1363 2235 die

163 2271 310 2357 Stiftuup
332 2274 418 2338 aner
439 2272 594 2355 ttipticlwo
615 2273 718 2339 Messe
738 2275 775 2337 tn
798 2274 855 2339 der
872 2274 993 2340 Kirobe
1013 2296 1055 2340 aa
1070 2274 1229 2340 chiuselt
1249 2276 1362 2340 seiten

462 2376 518 2441 des
540 2378 756 2443 veromam
777 2378 875 2444 Abtes
897 2378 931 2445 U
931 2378 1011 2445 biolo
1026 2380 1057 2444 I.

266 2570 337 2638 orig.
356 2568 409 2639 (A),
427 2570 505 2636 Perg.
524 2569 676 2637 rostfleclrig
706 2571 778 2622 Zwai
796 2572 885 2638 Siegel
903 2588 939 2623 an
958 2572 1171 2637 Perg.·Streilcn.

268 2695 349 2745 Dieso
368 2693 499 2745 Urkunde
517 2710 542 2744 u.
562 2710 601 2744 nr.
615 2696 666 2744 672
684 2694 744 2746 sind
762 2696 832 2746 nach
851 2695 991 2747 dersolben
1008 2695 1124 2763 Vorlage
1147 2697 1221 2747 eines
1239 2695 1359 2747 Format-

165 2789 265 2840 buches
283 2790 466 2856 geschriehcn.

267 2945 334 3010 Nos
358 2945 486 3012 Vhicus
517 2945 569 3010 dei
598 2948 711 3031 gracia
740 2945 853 3029 abbas,
884 2945 1071 3011 Fridericus
1099 2948 1187 3032 prior
1208 2955 1358 3033 totusque

164 3059 342 3115 conventus
367 3053 554 3116 monasterii
575 3049 807 3116 (lhotwicensis
835 3049 955 3116 ordinis
979 3053 1081 3116 sancti
1103 3050 1275 3116 Benedicti
1298 3051 1359 3116 Pa-

162 3155 317 3219 tarieneis
347 3155 483 3221 diocesis
513 3177 622 3220 coram
651 3157 811 3220 universis
841 3164 875 3219 et
905 3154 1037 3239 singulis
1059 3155 1178 3222 Christi
1208 3155 1358 3222 fidelibus

163 3261 367 3345 presencium
407 3262 558 3325 noticiam
595 3259 751 3324 habituris
788 3261 1050 3344 recognoscimus
1087 3258 1216 3346 publice
1254 3269 1357 3346 prote·

163 3373 294 3449 stantes,
325 3363 411 3450 quod
440 3363 637 3434 venerabilia
664 3366 698 3429 in
721 3363 848 3429 Christo
878 3371 971 3450 pater
1001 3373 1034 3428 et
1063 3363 1211 3430 dominus
1239 3374 1356 3448 noster,

163 3468 311 3534 dominus
327 3468 455 3534 Vlricus
479 3469 583 3534 dictus
598 3469 843 3555 Totzenpehch,
867 3468 1031 3556 quondam
1046 3467 1150 3533 abbas
1167 3467 1243 3534 dicti
1257 3471 1357 3534 nostri

162 3576 345 3639 monasterii
367 3574 469 3639 felicis
492 3576 656 3658 memorie,
679 3575 805 3638 sincere
829 3572 1014 3638 devocionis
1036 3573 1156 3638 affectu
1177 3575 1211 3638 in
1226 3573 1357 3639 laudem

162 3687 195 3742 et
223 3677 379 3743 honorem
408 3678 484 3742 almi
514 3681 666 3744 creatoris
700 3688 733 3743 et
759 3676 856 3742 beate
878 3677 982 3742 Mario
1009 3699 1137 3763 semper
1159 3679 1293 3764 virginis
1316 3700 1356 3743 ao

162 3785 303 3848 omnium
333 3792 517 3849 sanctorum
545 3792 578 3848 et
607 3782 781 3848 electorum
811 3781 864 3847 dei
892 3791 925 3847 et
945 3782 988 3848 ob
1010 3782 1146 3847 salutem
1169 3785 1275 3847 anime
1298 3804 1355 3847 sue

162 3898 195 3953 et
227 3911 356 3954 suorum
386 3887 651 3975 predecessorum
681 3910 721 3952 ac
750 3909 975 3953 successorum
1004 3896 1037 3951 ct
1066 3889 1208 3952 omnium
1236 3887 1355 3953 Christi

160 3992 303 4058 fidelium
335 3993 569 4076 defunctorum,
592 4003 629 4058 ut
650 3992 750 4058 divini
773 3992 878 4057 cultus
900 3991 1118 4077 sollempnitas
1140 4001 1299 4078 augeatur
1322 4001 1355 4057 et

162 4097 239 4163 dicti
269 4097 388 4163 domini
411 4098 512 4164 Vlrici
534 4097 662 4164 abbatis
685 4120 725 4162 ao
748 4119 878 4162 suorum
900 4099 1140 4184 progenitorum
1164 4118 1352 4161 commemo

160 4205 247 4269 racio
277 4202 436 4268 salubrius
466 4203 634 4283 habeatur,
662 4203 695 4268 in
725 4205 791 4268 vita
822 4224 880 4267 sua
911 4223 1008 4266 sanus
1039 4212 1147 4267 mente
1170 4211 1202 4266 et
1223 4203 1353 4265 racione

159 4319 314 4395 tempore,
338 4331 401 4396 quo
423 4311 534 4394 potuit,
558 4310 612 4395 pia
635 4307 801 4372 dotacionc
824 4306 867 4372 ad
889 4305 1117 4373 fundacionem
1136 4309 1306 4371 missarum
1319 4306 1353 4371 in

160 4414 297 4479 ecclesia
326 4413 422 4479 beate
451 4414 556 4478 Mario
578 4414 711 4497 virginis
734 4413 767 4476 iu
790 4410 940 4498 Halpach
963 4421 1120 4497 perpetue
1144 4408 1353 4475 celebranda·

159 4542 231 4584 rum
253 4528 349 4604 prout
370 4518 467 4584 infra:
491 4517 615 4604 prefate
639 4516 774 4582 ecclesie
797 4519 829 4580 in
853 4514 1005 4603 Halpach
1028 4539 1071 4582 cx
1099 4515 1230 4603 speciali
1257 4515 1352 4581 devo·

160 4627 251 4688 cione
280 4623 455 4689 liberaliter
484 4621 617 4689 contulit
645 4632 678 4686 ct
701 4621 833 4687 donavit
855 4623 961 4686 omnia
984 4630 1016 4685 et
1038 4620 1164 4707 singula
1188 4620 1272 4684 bona
1293 4642 1352 4684 sua

159 4731 288 4815 propria
314 4738 379 4793 tam
411 4728 616 4794 denariorum
646 4749 744 4814 quam
774 4725 872 4811 bladi,
900 4748 1068 4791 nemorum
1098 4747 1291 4812 pascuorum
1319 4735 1352 4790 et
