3400 5350
1292 429 1354 492 371

268 616 407 682 Datum:
437 639 549 702 gewen
580 618 694 704 (1337)
725 620 785 685 dez
816 620 952 704 suntagz
984 643 1020 683 ze
1050 622 1290 706 mittervasten,
1322 644 1357 686 sc

163 743 241 785 man
263 725 370 806 singct
391 722 500 787 letare.

270 897 341 963 Orig.
359 897 413 967 (A),
436 900 512 965 Perg.
542 899 669 951 Deutsch.
699 900 789 967 Siegel
812 916 847 951 an
871 902 959 951 einem
982 901 1199 968 Perg.·Streifen;
1225 902 1307 969 Copie
1329 903 1357 952 in

165 983 229 1032 Cod.
243 984 264 1035 Ο
282 985 300 1034 f.
313 982 376 1034 ‘349‘
388 986 405 1036 f.
419 985 472 1051 (B).

270 1106 359 1172 Siegel
378 1107 445 1157 tund
463 1109 491 1157 in
510 1108 668 1160 dnnklerem
682 1110 860 1175 nngeftrbten
873 1111 997 1173 Wachse,
1015 1112 1084 1162 IVA
1098 1114 1122 1162 2.
1142 1112 1277 1163 Umschr.:
1296 1112 1314 1177 †
1331 1110 1357 1161 S.

166 1192 633 1245 vumernemsnnenvenn.
666 1198 729 1247 Drei
752 1197 832 1248 balbe
856 1199 953 1262 Rider,
981 1199 1083 1250 welche
1110 1200 1159 1248 mit
1181 1199 1229 1249 der
1252 1198 1358 1248 offenen

165 1280 239 1330 Seite
254 1281 283 1346 J'e
301 1296 336 1331 an
355 1283 434 1331 einen
453 1281 614 1333 Schildrand
631 1290 741 1335 stoasen.
778 1286 830 1335 Die
848 1286 915 1336 Abb.
929 1287 973 1337 bei
992 1287 1111 1347 Hneber,
1128 1286 1244 1349 Austris,
1263 1286 1358 1336 'l'ab.9

165 1371 235 1417 nr.3
253 1371 288 1419 ist
306 1369 479 1435 mangelbaft

210 1611 290 1680 396.
913 1621 994 1680 1337
1011 1623 1070 1680 Mal
1087 1624 1138 1689 25,
1156 1617 1315 1700 [Adurunt]

200 1803 264 1868 Adt
286 1802 422 1867 Ekarra
443 1804 512 1869 ond
533 1805 589 1889 der
610 1804 748 1870 Conveni
769 1827 830 1870 voa
852 1806 993 1871 Admoot
1014 1807 1144 1871 oetaeo
1166 1807 1225 1871 dos
1246 1806 1328 1889 sart

383 1906 537 1992 Gdttweiq
558 1909 595 1973 ire
616 1909 685 1973 ihre
706 1909 1053 1994 Gebetsoerbroderaay
1075 1911 1163 1993 uass

272 2082 345 2148 Orig.
356 2080 408 2149 (A),
426 2083 504 2149 rog,
533 2084 606 2134 Zwei
623 2083 713 2150 Siegel
731 2099 766 2134 an
784 2085 996 2152 Pera-soenes

272 2204 409 2267 Wicbner,
427 2203 523 2256 (iasab.
536 2220 560 2258 v.
576 2205 692 2255 Admont
709 2204 758 2270 111,
777 2206 828 2256 268
846 2222 886 2257 nr.
899 2208 958 2258 401.
1034 2228 1039 2233 ·

272 2328 328 2377 Das
346 2328 438 2378 Dictat
454 2329 490 2378 ist
506 2328 594 2394 gleiclr
613 2331 661 2379 mit
679 2329 739 2380 dem
757 2331 786 2380 in
804 2347 843 2382 nr.
858 2332 916 2381 258.

273 2501 474 2566 Reverendis
498 2503 529 2565 in
550 2501 680 2567 Christo
702 2503 840 2568 dominis
864 2514 896 2569 et
918 2506 1030 2569 amicis
1053 2527 1091 2569 ac
1113 2504 1268 2571 fratribus
1292 2526 1360 2590 pre·
1452 2544 1454 2547 ·

169 2605 295 2671 dilectis
329 2605 459 2671 domino
492 2600 657 2692 Wulfingo
691 2608 869 2673 venerabili
902 2608 1023 2693 abbati,
1058 2610 1188 2675 domino
1220 2609 1361 2673 Martino

169 2713 268 2797 priori
298 2713 420 2798 totique
451 2715 623 2778 conventui
653 2712 788 2778 ecclesie
819 2714 1071 2781 Ohoetvicensis
1101 2714 1277 2780 Ekhardns
1308 2713 1361 2779 dei

169 2818 280 2901 gracia
301 2815 413 2894 abbas,
437 2816 595 2882 Rioberus
618 2820 706 2903 prior
728 2827 879 2906 totusque
898 2831 1076 2884 conventus
1091 2821 1278 2884 monasterii
1295 2818 1361 2883 Ad·

168 2921 345 2987 montensis
379 2943 453 2987 cum
487 2921 611 2987 devotis
645 2922 848 2989 oracionibus
883 2926 1103 2989 reverenciam
1138 2923 1235 2988 iidem
1269 2945 1360 3008 spem

169 3027 322 3092 universa
344 3026 405 3091 hec
431 3026 642 3091 confirmante
664 3027 809 3092 fraterna
830 3028 971 3093 karitate
993 3030 1025 3092 in
1049 3027 1115 3093 filio
1138 3029 1274 3112 virginis
1297 3026 1361 3111 glo·

169 3134 264 3198 riose.
309 3131 392 3198 Cum
414 3154 458 3197 ex
480 3134 645 3197 sentencia
667 3132 847 3198 Salomonis
870 3143 930 3198 etc.
977 3131 1060 3199 Cum
1083 3155 1161 3217 ergo
1184 3132 1306 3198 domini
1330 3140 1362 3196 et

168 3236 287 3302 fratres
309 3236 473 3301 karissimi
496 3236 537 3301 de
561 3238 677 3301 nostris
701 3239 820 3303 sanctis
840 3237 1044 3303 oracionibus
1058 3258 1098 3302 ac
1113 3236 1183 3302 aliis
1198 3236 1363 3321 religionis

170 3340 322 3427 operibus
356 3349 498 3406 nostram
532 3340 769 3426 negligenciam
799 3363 837 3406 ac
867 3342 1026 3407 bonorum
1057 3363 1191 3428 operum
1220 3342 1362 3427 inopiam

170 3467 337 3532 speremus
359 3445 498 3531 pleniter
519 3467 558 3509 ac
581 3444 713 3511 uberius
735 3446 915 3531 reformari,
937 3447 1069 3512 karitati
1092 3455 1200 3511 vestre
1219 3467 1277 3532 per
1292 3466 1362 3531 pre·

170 3560 278 3616 sentes
304 3549 435 3635 plenum
461 3551 666 3636 participium
696 3551 867 3615 missarum
895 3552 1079 3615 oracionnm
1102 3551 1295 3615 ieiuniorum
1318 3551 1363 3613 vi·

170 3654 320 3739 gillarum
342 3676 382 3719 ac
404 3655 546 3741 omnium
569 3653 725 3719 bonorum
749 3677 893 3740 operum,
917 3656 1030 3741 quein
1045 3663 1154 3720 nostro
1169 3655 1363 3719 monasterio

170 3768 324 3825 anostra
353 3758 528 3843 fragilitate
558 3761 698 3844 poterint
724 3761 915 3845 perpetrari,
946 3758 1123 3824 liberaliter
1144 3781 1183 3823 ac
1205 3758 1363 3845 hylariter

171 3866 382 3931 fraternitatis
398 3865 527 3928 nomine
542 3863 762 3929 condonamus
777 3863 839 3927 hac
855 3864 1045 3929 condicione
1060 3865 1191 3947 inserta,
1203 3871 1239 3927 ut
1255 3884 1363 3948 quem·

172 3990 300 4056 cunque
330 3968 468 4033 fratrum
498 3977 606 4032 vestre
636 3967 771 4033 ecclesie
799 3966 1001 4033 sacerdotem
1028 3967 1081 4032 vel
1108 3967 1287 4054 dyaconem
1311 3965 1363 4029 do·

171 4077 279 4139 minus
308 4074 475 4137 vocaverit
504 4072 600 4137 huius
630 4075 736 4137 carnis
767 4075 941 4137 terminum
971 4073 1013 4138 ad
1036 4081 1230 4154 extremum,
1261 4091 1364 4134 came·

171 4180 276 4243 rarius
306 4178 375 4242 sive
406 4176 497 4259 alter,
528 4178 584 4263 qui
613 4176 713 4243 babet
742 4177 893 4242 ordinare
920 4175 961 4241 de
984 4176 1129 4241 vestibus
1152 4183 1363 4259 mortuorum,

171 4283 317 4369 precium
347 4280 455 4347 bainlo
486 4281 528 4347 de
557 4283 637 4368 ipsis
666 4282 811 4347 vestibus
842 4280 987 4346 defuncti
1020 4280 1151 4363 tribuat,
1182 4281 1237 4366 qui
1271 4276 1364 4343 nobis

173 4398 310 4453 mortem
332 4408 425 4452 auam
447 4386 624 4452 adnunciat
642 4397 786 4473 tempore
802 4395 970 4473 oportuno.
1002 4385 1045 4450 Et
1059 4394 1137 4450 tnnc
1152 4385 1240 4471 prior
1255 4392 1364 4449 noster

172 4496 242 4558 sive
257 4495 362 4557 vicem
378 4494 427 4558 sni
440 4513 556 4576 gerens
571 4513 667 4557 mane
684 4492 860 4577 capitulum
875 4489 1069 4556 convocabit
1083 4498 1116 4554 et
1127 4488 1221 4554 nobis
1233 4488 1364 4571 indicet,

173 4599 263 4662 utin
285 4619 421 4683 vespere
444 4595 663 4681 sollempniter
684 4595 893 4682 conpulsetur
919 4604 952 4660 et
979 4596 1082 4659 maior
1103 4594 1215 4680 vigilia
1238 4593 1365 4658 dicatur

173 4723 231 4787 pro
254 4701 369 4766 eodem
391 4709 424 4765 et
445 4702 477 4764 in
500 4722 597 4765 mane
622 4703 719 4766 missa
741 4722 799 4786 pro
823 4699 985 4765 defunctis
1008 4720 1082 4765 cum
1103 4697 1201 4763 choro
1216 4697 1365 4763 tonaliter

1159 4806 1210 4854 nr*
