3400 5350
1303 389 1366 454 375

215 606 295 674 398.
858 615 939 674 lass
956 619 1071 690 August
1089 618 1137 685 lo,
1155 619 1197 680 st.
1210 620 1321 679 l'dlten.

172 797 312 880 Psoi-rer
334 798 478 865 thtaetm
504 821 546 864 zu
567 800 780 883 Pilliclrsdorf
802 802 904 883 stiflet
931 803 989 884 [ἂν
1017 803 1084 869 sich
1109 804 1201 869 moen
1226 805 1366 890 Jatrtap

658 906 694 969 io
717 906 882 988 Gottweip.

277 1079 348 1144 Orig.
363 1076 417 1147 (A),
436 1080 513 1144 Perg.
544 1079 702 1145 rostflsckig.
733 1079 823 1146 Siegel
841 1095 876 1130 an
895 1081 983 1131 sinam
1003 1082 1215 1148 Perg.·Strsissn.

277 1253 343 1318 Nos
367 1253 561 1319 Wilhalmus
592 1254 703 1319 divina
733 1255 943 1320 miseracione
974 1255 1117 1322 decanus
1147 1266 1179 1320 et
1208 1257 1364 1343 plebanus

170 1361 204 1424 in
227 1358 420 1444 Pylichdorf
438 1359 640 1423 Pataviensis
665 1360 812 1445 dyocesis
835 1361 1039 1446 presencium
1062 1362 1298 1445 inspectoribus
1320 1365 1365 1427 in·

170 1465 367 1529 notescimus
397 1466 568 1537 universis,
601 1463 687 1550 quod
718 1465 759 1529 ob
790 1467 898 1529 anime
928 1474 1037 1530 nostre
1067 1488 1106 1530 ac
1129 1469 1271 1531 omnium
1294 1488 1365 1552 pro·

171 1571 353 1655 genitorum
377 1577 560 1634 nostrorum
581 1567 744 1654 singulare
759 1569 940 1634 remedium
955 1568 1040 1634 bona
1056 1579 1167 1635 nostra
1181 1569 1365 1658 subscripta

172 1696 211 1737 ac
234 1675 409 1760 empcionis
433 1675 515 1738 iusto
537 1673 642 1760 tytulo
666 1673 785 1759 adepta
808 1673 961 1738 videlicet
982 1673 1177 1740 beneficium
1200 1676 1363 1763 qnondam

172 1779 292 1844 Leonis
316 1779 357 1843 de
379 1777 604 1845 Grauenwerd
627 1780 724 1842 situm
747 1780 779 1842 in
804 1776 972 1863 Gspling¹
995 1780 1087 1843 iuxta
1109 1779 1265 1846 Sanctum
1280 1781 1364 1867 Ypo

172 1883 275 1965 litum,
298 1882 340 1948 de
363 1905 426 1971 quo
449 1882 553 1948 coloni
570 1883 778 1948 Hermannus
794 1892 827 1947 et
842 1882 958 1947 Petrus
974 1885 1006 1947 in
1023 1905 1061 1947 eo
1076 1883 1255 1950 residentes
1270 1889 1364 1950 annis

172 1988 307 2073 singulis
338 1990 371 2052 in
402 1988 484 2052 festo
516 1988 603 2053 beati
631 1988 743 2053 Gecrii
774 1987 943 2053 dimidium
973 1987 1129 2052 talentum
1158 1989 1363 2054 denariorum

173 2095 421 2159 Wicnneusium
451 2101 484 2157 et
511 2094 545 2158 in
573 2093 654 2157 festo
681 2092 770 2157 beati
793 2092 983 2157 Michahelis
1006 2092 1192 2177 archangeli
1215 2095 1364 2180 quintum

173 2197 342 2262 dimidium
362 2197 498 2263 solidum
515 2197 722 2262 denariorum
739 2197 988 2262 Wiennensinm
1010 2199 1080 2262 iure
1104 2197 1191 2262 civili
1213 2207 1365 2264 tenentur

173 2302 348 2387 deservire,
372 2324 446 2367 cum
469 2301 617 2367 omnibus
639 2301 764 2367 iuribus
786 2324 826 2366 ac
848 2303 1055 2387 pertinenciis
1078 2305 1144 2367 suis
1159 2304 1364 2390 proprietatis

170 2408 251 2489 iure,
264 2429 328 2493 quo
340 2408 402 2492 ipsi
414 2407 581 2492 hucusque
593 2406 805 2491 possedimus,
818 2405 913 2492 plene
924 2427 963 2470 ac
974 2405 1186 2491 integraliter,
1202 2417 1316 2493 sponte
1331 2417 1364 2472 et

171 2535 245 2578 cum
266 2511 351 2577 bona
366 2511 602 2577 deliberacione
624 2510 818 2575 tradidimus
841 2533 900 2576 sen
923 2510 1114 2576 donavimus
1137 2511 1179 2576 ad
1203 2511 1364 2596 oblagiam

171 2617 406 2684 honorabilium
422 2627 455 2683 et
470 2616 692 2702 religiosorum
708 2618 863 2700 virorum,
879 2614 1006 2681 abbatis
1023 2625 1055 2682 et
1067 2626 1246 2683 conventus
1258 2639 1364 2683 mona·

170 2726 259 2789 sterii
283 2722 516 2788 Chotwicensis
539 2722 661 2787 ordinis
685 2723 788 2786 sancti
813 2720 983 2785 Benedicti
1006 2720 1192 2807 supradicte
1216 2722 1363 2808 dyocesis

170 2839 326 2915 perpetuo
350 2827 566 2894 deservienda
588 2827 644 2891 tali
667 2835 772 2912 pacto,
803 2826 891 2911 quod
922 2824 1056 2910 singulis
1080 2828 1172 2890 annis
1196 2825 1288 2891 nobis
1310 2827 1364 2891 ad-

170 2933 234 2997 huc
246 2934 280 2997 in
292 2935 360 2998 vita
375 2932 591 2997 existentibus
606 2931 754 3016 sequenti
771 2929 823 2994 die
840 2937 913 3015 post
927 2928 1045 2994 festum
1061 2928 1148 2993 beati
1164 2929 1364 3013 Michahelis,

171 3060 234 3123 que
257 3038 374 3102 feriata
397 3059 461 3102 non
483 3037 591 3116 suerit,
619 3043 851 3121 postmortem
874 3054 952 3098 vero
975 3041 1117 3097 nostram
1142 3032 1194 3098 die
1217 3036 1365 3098 anniver-

171 3143 254 3207 sario
287 3140 500 3226 deposicionis
530 3150 639 3205 nostre
666 3138 793 3222 vigilias
823 3138 994 3202 missarum
1026 3136 1214 3222 sollempnia
1240 3159 1279 3201 ac
1301 3137 1365 3202 alia

171 3248 357 3311 oracionum
380 3246 534 3330 suffragia
556 3247 589 3308 in
613 3252 774 3308 conventu
798 3263 856 3307 suo
879 3251 1036 3328 perpetuo
1060 3242 1176 3307 devote
1197 3250 1364 3327 peragant,

170 3349 445 3437 quemadmodum
469 3351 524 3414 uni
545 3371 587 3413 ex
603 3346 757 3412 fratribus
774 3346 909 3412 indicto
926 3369 982 3412 suo
999 3347 1193 3411 monasterio
1209 3355 1364 3412 actenus·

170 3477 327 3542 peragere
357 3462 597 3520 consueverunt
626 3462 814 3533 statuentes,
850 3462 887 3517 ut
917 3453 944 3516 si
973 3450 1103 3537 quando
1134 3450 1365 3516 conventuales

169 3559 347 3646 supradicti
370 3561 402 3623 in
427 3558 628 3644 exequendis
650 3559 715 3621 iam
739 3557 834 3622 dictis
859 3558 1006 3643 exequiis
1029 3557 1151 3620 inventi
1174 3554 1296 3621 fuerint
1311 3579 1363 3621 ne·

169 3664 338 3750 gligentes,
368 3662 480 3745 abbas,
511 3664 567 3748 qui
597 3684 656 3748 pro
683 3670 829 3747 tempore
851 3661 959 3745 fuerit,
991 3660 1195 3745 supradictos
1218 3660 1365 3725 redditus

170 3768 296 3833 tamdiu
325 3769 492 3853 percipiat,
524 3766 628 3832 donec
657 3765 699 3831 ad
727 3787 762 3830 se
790 3766 914 3831 reversi
945 3767 1110 3851 peniteant
1144 3786 1184 3828 ac
1217 3764 1365 3851 ampliori

171 3874 347 3938 devocione
377 3873 533 3958 perficere
561 3871 724 3953 studeant,
755 3891 819 3955 que
841 3869 1067 3954 neglexerunt,
1099 3878 1131 3933 et
1153 3878 1189 3933 nt
1212 3868 1272 3932 hee
1293 3878 1366 3933 rata

170 3986 324 4043 maneant
339 3987 495 4062 perpetuo
518 3998 556 4039 ac
579 3974 778 4054 inconvulsa,
802 3983 971 4059 presentes
986 3983 1111 4038 nostras
1127 3971 1251 4037 litteras
1267 3972 1365 4037 tradi·

172 4082 278 4146 dimus
301 4080 396 4166 sigilli
419 4082 519 4145 nostri
543 4082 740 4165 appensione
756 4080 982 4143 communitas.
1006 4078 1128 4142 Datum
1144 4098 1228 4142 anno
1245 4077 1364 4140 domini

170 4186 340 4252 millesimo
363 4188 589 4250 trecentesimo
612 4186 775 4248 tricesimo
798 4185 935 4269 septimo
959 4185 991 4246 in
1015 4181 1068 4246 die
1087 4182 1175 4247 beati
1190 4182 1365 4246 Laurenoii

171 4294 312 4357 martiris
334 4293 368 4355 iu
392 4292 523 4355 civitate
545 4288 735 4376 Ypolitensi.

172 4552 238 4607 398.
277 4566 289 4588 ⁸
308 4556 339 4605 A.
357 4559 423 4605 statt
439 4556 565 4605 hactenus.

277 4676 286 4708 ¹
305 4678 357 4729 Ein
377 4680 593 4745 eingegangeuer
610 4676 660 4728 Ort
677 4676 720 4726 bei
739 4676 776 4727 St.
790 4675 895 4726 Polten.
