3400 5350
1286 442 1348 506 231

155 643 302 720 tempora
330 635 396 699 vite
424 655 482 699 sue
509 632 588 699 nulli
612 633 769 700 heredum
791 637 935 721 ipsorum
958 635 1128 700 conferens
1149 637 1199 701 ius
1221 634 1352 722 aliquod

154 740 188 803 in
218 736 350 822 eisdem,
383 760 447 825 que
473 749 547 824 post
572 748 708 803 mortem
730 741 875 825 ipsorum
898 741 967 805 sine
990 742 1076 805 omni
1099 739 1351 806 contradictione

155 863 431 928 quorumcumque
462 841 619 907 heredum
649 865 780 908 suorum
814 843 857 908 ad
888 843 1146 909 Chotwicensem
1180 844 1352 910 ecclesiam

154 945 255 1011 libere
276 955 491 1014 revertantur.
521 946 565 1012 Et
587 949 663 1033 quia
684 947 746 1012 hoc
768 949 802 1013 in
824 950 995 1033 presencia
1016 958 1127 1013 nostra
1142 948 1264 1014 factum
1279 970 1351 1014 esse

155 1050 342 1134 dinoscitur,
372 1072 431 1116 nos
461 1050 503 1116 ad
533 1052 727 1117 instanciam
756 1052 926 1118 ambarum
958 1054 1098 1138 partium
1130 1051 1351 1139 predictarum

154 1177 212 1241 pro
233 1155 385 1221 evitanda
407 1155 591 1242 calumpnia
612 1165 779 1242 presentes
803 1155 952 1221 dedimus
973 1156 1095 1222 litteras
1117 1166 1226 1222 nostro
1249 1156 1351 1242 sigillo

154 1262 293 1325 munitas
324 1282 398 1325 cum
428 1259 564 1327 testibus
586 1260 777 1344 subnotatis,
801 1263 968 1347 quisunt:
995 1259 1151 1325 Albertus
1175 1259 1216 1325 de
1238 1260 1351 1326 Hdhn-

154 1366 246 1449 stein,
276 1362 431 1430 Alhertus
461 1364 501 1430 de
533 1363 735 1451 Lobnatayn,
768 1365 917 1450 Rvgerus
945 1362 987 1429 de
1020 1363 1233 1451 Storhnberg,
1263 1364 1349 1430 Lvd-

154 1470 254 1533 wicus
286 1469 326 1533 de
354 1468 537 1552 Liohtnath3
576 1473 653 1535 item
688 1469 803 1535 milites
833 1471 947 1535 nostri:
986 1469 1173 1535 Hadmarus
1204 1479 1236 1534 et
1262 1468 1351 1535 Had-

154 1595 273 1657 marus,
295 1573 514 1660 Marquardus
536 1573 578 1639 de
593 1572 746 1657 Tzwetel,
770 1574 944 1639 Heinricus
967 1573 1008 1639 de
1024 1573 1228 1659 Swelnpach,
1251 1573 1350 1640 Perh-

153 1677 259 1743 toldus
274 1682 307 1744 in
322 1680 415 1766 Ripa,
432 1679 592 1745 Martinus
607 1678 650 1743 de
666 1678 886 1761 Weselndorf,
901 1678 1046 1745 Ditricus
1063 1679 1204 1764 Grdber,
1220 1678 1349 1744 Vhicus

154 1781 197 1847 de
219 1783 378 1850 Fevstritz
409 1795 441 1849 et
471 1784 524 1849 alii
555 1805 652 1870 quam
681 1784 800 1870 plures.
846 1784 970 1849 Datum
999 1786 1032 1848 in
1054 1785 1243 1871 Tymstayn
1265 1806 1349 1849 anno

156 1886 275 1953 domini
306 1888 473 1954 millesimo
502 1889 752 1972 tn'centesimo,b
774 1887 886 1953 Iacobi
908 1888 1051 1975 apostoli,
1075 1889 1167 1954 VIII.
1191 1887 1350 1954 kalendas

153 1994 293 2077 augusti.

259 2147 286 2199 S.
298 2148 323 2198 d.
336 2149 450 2200 Leutold
468 2166 494 2200 v.
507 2150 649 2216 Kuenring
666 2149 831 2215 heschssdigt,
850 2149 929 2212 raud,
946 2150 1098 2216 ungefltrbt.
1120 2150 1188 2202 Ahh.
1207 2151 1252 2201 hei
1269 2150 1349 2214 Sava,

153 2235 244 2303 Siegel
263 2236 288 2287 d.
300 2235 540 2288 Laudeserbdmter
557 2238 586 2287 in
604 2237 665 2288 Ber.
677 2251 704 2286 u.
717 2237 806 2287 Mitth.
819 2235 843 2287 d.
857 2236 1113 2289 Alterth.-Vereines
1131 2237 1164 2299 V,
1183 2238 1217 2288 66
1235 2237 1293 2303 rig.
1309 2239 1349 2288 10.

197 2479 277 2547 saa.
1139 2480 1306 2563 [tirou]

154 2670 313 2737 Waltruon
337 2669 481 2754 Ottiupcr
502 2692 562 2736 ooo
585 2671 688 2752 Staio,
715 2670 845 2753 Profess
871 2693 913 2736 zu
936 2669 1090 2755 Gdttweiy
1118 2672 1187 2737 used
1212 2671 1351 2738 ommate

152 2776 291 2858 Pfurrer
312 2778 349 2841 in
363 2775 452 2857 Kilb,
475 2775 560 2841 stelit
573 2776 642 2841 eine
657 2774 807 2842 Urhuodc
821 2796 882 2841 uus
897 2776 974 2841 iiber
989 2778 1040 2842 die
1055 2777 1191 2842 Zeheate
1206 2778 1241 2841 iu
1255 2776 1346 2842 Kilh.

257 2969 340 3035 Cupie
358 2968 403 3036 (B)
421 2970 545 3020 inseriert
562 2968 603 3020 als
621 2969 777 3020 'lhanssumt
795 2971 824 3020 in
842 2985 882 3019 nr.
897 2972 961 3034 3413
981 2970 1065 3036 Copie
1083 2971 1112 3021 in
1130 2969 1228 3021 00110
1247 2970 1264 3020 f.
1280 2966 1350 3031 149',

157 3060 205 3109 150
225 3056 277 3127 (C).

256 3162 310 3211 Die
336 3161 557 3227 chronologische
579 3161 764 3227 Einreiehung
790 3161 878 3211 dieser
900 3161 1033 3212 Urkaude
1055 3162 1153 3213 beruht
1175 3163 1225 3213 anf
1249 3163 1351 3214 blosser

154 3249 306 3314 conjector.
341 3249 385 3298 Da
401 3247 499 3313 jedoch
518 3247 647 3299 Albrecht
658 3249 680 3299 1.
698 3248 740 3299 als
762 3248 908 3299 romischer
930 3249 1020 3315 Konig
1042 3248 1201 3301 bezeichnet
1223 3249 1298 3311 wird,
1321 3267 1350 3300 so

153 3351 226 3386 muse
243 3336 283 3385 sie
301 3335 473 3400 nothweudig
490 3336 520 3385 in
538 3334 582 3385 die
600 3336 660 3385 Zeit
677 3351 731 3386 von
752 3336 817 3385 1298
835 3336 1046 3387 111127-1108
1064 3337 1120 3386 Mai
1136 3339 1147 3386 1
1168 3336 1259 3387 fallen.
1295 3337 1351 3387 Der

153 3420 294 3483 Umstand,
318 3421 378 3472 dass
396 3421 528 3471 Waltram
547 3420 670 3488 Ottinger
692 3422 775 3472 sehon
799 3424 866 3472 1278
885 3423 1041 3488 September
1059 3425 1090 3473 11
1113 3423 1157 3473 die
1175 3423 1268 3474 Piarre
1286 3424 1350 3473 Kilb

153 3511 201 3560 suf
221 3508 334 3561 Geheiss
357 3509 404 3559 des
425 3509 509 3559 Abtes
536 3508 590 3559 und
613 3508 765 3561 Conventus
792 3526 846 3560 von
870 3509 1005 3576 Gottweig
1032 3511 1189 3575 flbesuahm,
1215 3510 1281 3561 lisst
1307 3510 1351 3561 die

152 3597 341 3662 Vermuthung
364 3613 407 3658 zu,
430 3595 490 3646 duas
513 3596 557 3646 die
575 3596 751 3662 Ausstellung
773 3597 861 3647 dieser
884 3598 1016 3649 Urlrunde
1038 3601 1067 3650 in
1090 3598 1134 3651 die
1156 3606 1245 3650 ersten
1267 3598 1351 3649 Jahre

153 3685 254 3749 Konigs
266 3683 395 3734 Albrecht
406 3684 426 3734 1.
445 3682 515 3744 11111,
534 3683 569 3734 ds
586 3683 629 3734 sur
647 3683 691 3735 die
708 3686 833 3750 spiteren
851 3686 1095 3751 Regiemngsjahre
1113 3686 1170 3737 sich
1187 3687 1271 3737 sehon
1289 3687 1351 3737 eine

152 3787 185 3820 au
202 3786 294 3838 grosse
312 3770 500 3821 Zeitdiffereua
519 3771 698 3822 herausstellt.
736 3799 768 3807 -
804 3773 857 3822 Die
880 3772 953 3823 alten
971 3774 1104 3840 Register‚
1127 3774 1350 3826 wahrscheiniich

151 3857 367 3924 Zeheutregister
389 3857 445 3908 und
468 3858 839 3925 Urbarialauizeichnungeu,
862 3859 965 3910 welche
989 3862 1017 3910 in
1041 3861 1128 3912 dieser
1152 3862 1282 3913 Urkunde
1309 3877 1350 3912 er·

152 3945 243 3994 withnt
267 3944 383 4009 werden,
405 3943 465 3996 sind
489 3945 529 3995 his
552 3945 601 3996 auf
620 3945 673 3996 deu
692 3945 799 3997 Botulus
816 3962 935 3997 mmsis
953 3945 1079 4014 (nr.168)
1104 3947 1268 4015 vollstltndig
1291 3964 1349 3999 ver·

153 4032 228 4084 loren
245 4047 395 4099 gegangen.

254 4188 325 4273 Ego
348 4188 449 4254 frater
465 4188 664 4255 Waltramus
687 4188 838 4275 Ottinger
861 4189 902 4255 de
925 4189 1016 4256 Stain
1038 4190 1204 4277 professus
1227 4189 1348 4255 ordinis

153 4297 255 4360 sancti
283 4294 465 4377 Benedicti,
496 4294 580 4360 filius
611 4305 644 4359 et
674 4295 896 4360 conventualis
926 4298 1111 4360 monasterii
1142 4298 1175 4360 in
1198 4295 1347 4380 Gotwigo

151 4401 353 4466 Pataviensis
377 4398 523 4483 diocesis,
546 4401 579 4465 in
602 4409 793 4486 perpetuam
815 4402 863 4465 rei
886 4402 1082 4465 memoriam.
1120 4399 1174 4464 Ad
1197 4401 1347 4465 noticiam

152 4508 376 4570 universorum
405 4503 542 4587 deduco,
571 4503 656 4590 quod
684 4526 769 4568 anno
792 4504 913 4569 domini
935 4502 1103 4570 millesimo
1127 4503 1347 4569 ducentesimo

152 4729 220 4788 222.
259 4733 332 4784 l’Zu
350 4735 498 4800 erglnren:
515 4734 544 4782 iu
561 4729 612 4784 die.
