3400 5350
1287 407 1349 473 ‘197

158 593 269 656 ventui
291 593 325 656 in
346 589 512 658 (lhdtwico
535 593 576 657 de
599 593 782 659 huiusmodi
804 593 938 661 decimis
960 598 1112 682 primiciis
1134 598 1229 662 terris
1251 600 1351 663 censi·

158 695 219 761 bus
250 694 431 761 redditibus
462 706 494 761 et
522 695 594 762 aliis
620 696 712 763 bonis
742 700 971 785 prenominatis
997 703 1142 786 personis
1164 703 1289 789 integre
1311 724 1351 767 ac

159 799 268 865 debite
291 799 490 865 satisfaciant
511 823 551 865 ac
573 800 707 888 quilibet
730 824 842 868 eorum
864 804 1041 870 satisfaciat
1063 803 1104 870 de
1127 815 1219 892 parte
1246 807 1349 891 ipsum

161 913 374 968 concernente
404 925 479 969 cum
509 905 628 971 effectu
656 906 711 972 vel
740 928 815 972 cum
845 907 968 973 eisdem
998 907 1135 975 dominis
1166 908 1286 975 abbate
1320 919 1352 974 et

160 1017 321 1072 conventu
347 1007 559 1074 amicabiliter
585 1010 782 1076 concordent
809 1033 849 1076 ac
876 1012 1012 1098 quilibet
1033 1036 1144 1078 eorum
1167 1013 1350 1079 concordet.

159 1110 290 1198 Aliquin
320 1110 430 1197 elapso
453 1111 538 1178 dicto
562 1115 727 1198 termino,⁸
751 1138 848 1202 quem
871 1118 916 1181 eis
940 1128 972 1182 et
995 1117 1126 1183 cuilibet
1149 1140 1260 1184 corum
1281 1141 1351 1206 per-

160 1218 314 1303 ompturio
335 1218 472 1281 termino
493 1241 532 1282 ac
553 1222 709 1286 canonica
724 1222 902 1287 municione
918 1221 961 1287 ad
976 1222 1038 1288 boc
1054 1223 1242 1309 prefigimus
1257 1233 1290 1289 et
1303 1245 1351 1289 as·

160 1326 334 1407 signamus,
365 1344 475 1388 omnes
506 1333 539 1389 et
568 1325 711 1411 singulos
733 1326 858 1394 nobiles
880 1327 1018 1394 barones
1040 1328 1157 1394 milites
1176 1330 1352 1416 armigeros

160 1427 293 1493 clientes
320 1437 353 1493 et
378 1428 458 1493 alios
479 1428 578 1495 laicos
601 1432 768 1517 utriusque
791 1454 899 1516 sexus,
923 1432 1067 1498 homines
1090 1432 1252 1499 debitores
1275 1433 1352 1499 dicti

159 1534 343 1598 monasterii
371 1534 404 1597 in
427 1532 592 1600 Ohdtwico
622 1556 661 1599 ac
691 1535 769 1600 alios
799 1535 982 1601 huiusmodi
1011 1539 1109 1603 nostri
1137 1536 1297 1604 mandatis
1321 1549 1353 1602 et

159 1637 390 1702 monicionibus
413 1637 635 1705 inobedientes
659 1649 691 1705 et
712 1639 849 1706 rebelles
873 1651 906 1706 et
921 1641 1125 1728 singulariter
1140 1642 1282 1728 singulos
1298 1664 1352 1706 ex-

160 1742 434 1807 communicamus
455 1766 529 1807 cum
548 1741 608 1808 hiis
624 1746 750 1832 scriptis
767 1745 958 1811 mandantes
974 1747 1065 1812 vobis
1081 1748 1305 1833 universisque
1321 1756 1354 1810 et

160 1845 293 1934 singulis
317 1845 454 1912 dominis
477 1847 680 1934 supradictis,
704 1852 758 1936 qui
780 1850 984 1938 presentibus
1004 1851 1124 1916 fuerint
1141 1852 1285 1938 requisiti
1299 1849 1354 1915 vel

159 1953 331 2037 requisitus
354 1950 414 2016 sub
439 1953 530 2038 penis
554 1962 586 2018 et
608 1956 780 2019 sentenciis
802 1955 945 2040 prefatis,
974 1965 1133 2042 quatenus
1155 1955 1244 2042 lapso
1268 1955 1353 2020 dicto

159 2058 344 2121 municionis
368 2058 503 2122 termino
526 2057 666 2143 prefatos
692 2058 815 2124 nobiles
841 2058 982 2125 barones
1014 2061 1190 2147 armigeros
1221 2060 1353 2125 clientes

161 2170 193 2225 et
214 2160 347 2247 singulis
370 2160 486 2226 diebus
510 2160 677 2227 dominicis
701 2173 733 2228 et
754 2163 877 2228 festivis
893 2165 975 2229 infra
990 2166 1161 2230 missarum
1177 2164 1354 2250 solempnia

161 2276 193 2331 et
215 2264 416 2331 sermonibus
439 2264 587 2351 publicis,
612 2265 690 2332 dum
712 2266 757 2332 ibi
779 2267 908 2334 affuerit
929 2271 1031 2334 maior
1050 2268 1158 2355 populi
1174 2266 1352 2344 multitudo,

160 2372 207 2435 sic
236 2372 533 2437 excommunicatos
564 2370 692 2456 publice
723 2374 882 2438 nuncietis
906 2384 938 2438 et
960 2376 1104 2439 nunciari
1129 2373 1254 2438 faciatis
1276 2381 1353 2438 tam-

161 2474 225 2559 diu,
257 2497 424 2562 quousque
455 2474 566 2540 abbati
595 2485 627 2541 et
649 2479 841 2542 monasterio
864 2476 1057 2564 supradictis
1080 2478 1292 2543 satisfecerint
1314 2499 1353 2542 ac

160 2578 342 2645 huiusmodi
371 2581 472 2644 nostri
501 2579 661 2645 mandatis
692 2584 859 2667 paruerint
889 2605 963 2648 cum
986 2583 1114 2667 effectu,
1139 2583 1353 2648 certificantes

160 2686 245 2771 ipsos
276 2695 308 2750 et
338 2706 448 2750 eornm
477 2686 654 2771 quemlibet
675 2686 782 2773 quoad
804 2690 971 2773 graviores
993 2709 1095 2774 penas
1118 2697 1151 2753 et
1172 2690 1352 2753 sentencias

160 2800 272 2856 contra
293 2793 380 2878 ipsos
403 2792 514 2877 utique
538 2790 761 2877 procedemus,
785 2795 812 2858 si
833 2793 896 2858 hoc
919 2795 1073 2858 meruerit
1096 2795 1298 2858 contumacia
1321 2803 1353 2857 et

160 2895 293 2961 rebellio
316 2895 501 2961 eorundem.
548 2896 586 2961 In
609 2898 736 2982 signum
758 2909 867 2963 autem
889 2896 994 2963 fidelis
1016 2908 1124 2963 vestre
1147 2897 1352 2962 execucionis

159 2999 311 3067 reddates
334 3011 501 3087 presentes
523 3024 664 3067 unacum
686 3011 867 3067 vestrorum
889 3004 1054 3069 nominum
1077 3012 1110 3068 et
1124 3003 1352 3088 cognominum

159 3103 401 3191 subscripcione
431 3108 571 3171 munitas
601 3106 686 3171 diem
717 3116 824 3171 nostre
856 3108 1063 3172 execucionis
1093 3128 1133 3171 ac
1162 3108 1291 3171 nomina
1321 3114 1354 3171 et

161 3211 353 3295 cognomina
386 3208 541 3275 nobilium
576 3210 734 3275 baronum
768 3210 903 3276 militnm
937 3213 1170 3297 armigerorum
1204 3209 1354 3275 clientum

160 3323 192 3379 et
217 3314 372 3380 laicorum
403 3337 442 3380 ac
472 3314 606 3380 aliorum
636 3317 801 3401 utriusque
829 3337 929 3381 sexus
952 3316 1118 3381 hominum
1140 3313 1354 3402 spiritualium

159 3427 192 3483 et
219 3417 413 3484 secularium
439 3441 499 3504 per
519 3441 578 3484 vos
601 3421 788 3484 nominatim
811 3420 996 3506 specialiter
1018 3442 1058 3484 ac
1082 3418 1231 3483 distincte
1254 3419 1351 3482 nomi·

159 3532 306 3589 natorum
329 3534 362 3589 et
383 3526 609 3609 requisiturum
631 3523 724 3589 nobis
747 3523 930 3609 specialiter
958 3524 1184 3609 significantes.
1231 3522 1354 3587 Datum

161 3637 194 3692 et
222 3638 329 3693 actum
355 3630 387 3693 in
411 3640 519 3694 nostro
542 3632 736 3695 monasterio
758 3631 861 3694 sancti
884 3629 1003 3716 Ypoliti
1026 3627 1180 3694 antedicti
1202 3630 1234 3692 in
1259 3627 1353 3693 domo

160 3807 366 3816 ——-.—-

159 3905 225 3962 885.
262 3908 325 3959 bln
351 3907 399 3959 der
426 3910 540 3961 aweiten
559 3908 690 3961 Urkunde
717 3908 786 3976 folgt
813 3909 953 3975 folgenden
980 3908 1184 3960 verscbiodener
1205 3907 1353 3958 Wortlaut:

159 4003 247 4046 ωηινα
268 4011 352 4047 curaer
373 4003 396 4047 ct
417 3997 529 4063 einpulos
551 3998 646 4047 nobile-r
669 3999 776 4047 turones
799 3998 891 4046 milites
914 3999 1053 4064 aruriperos
1074 3996 1175 4047 clientes
1193 4002 1216 4046 et
1233 3995 1298 4045 αὶίω
1315 4011 1354 4045 rc-

158 4084 232 4134 belles
251 4089 274 4133 et
290 4083 460 4135 modicata
477 4087 572 4135 matria
586 4101 644 4150 peno
661 4100 721 4135 uero
738 4084 882 4149 apostolicis
896 4081 1023 4147 predictis
1040 4082 1076 4133 ud
1092 4084 1356 4133 &communicationis

158 4173 309 4222 sententium
330 4178 354 4222 et
373 4186 457 4236 posue
477 4174 618 4237 pruciam,
638 4178 718 4237 prout
739 4170 803 4221 ordo
820 4173 888 4220 iaris
905 4172 1020 4220 canonici
1037 4169 1150 4232 dictauit,
1167 4171 1254 4233 utique
1267 4185 1355 4233 proca·

159 4258 246 4309 devm
268 4275 353 4309 omum
374 4259 508 4309 rebellione
530 4265 553 4309 ct
575 4258 746 4324 inobedientia
766 4275 819 4309 non
840 4262 961 4309 munte.
997 4257 1030 4307 In
1050 4260 1151 4324 riparum
1173 4254 1356 4319 autortfidelir

158 4349 314 4398 woeudonir
341 4345 435 4397 reddat
456 4352 589 4412 precones
616 4347 713 4397 menas
737 4382 1084 4398 ..............
1109 4343 1285 4411 significantes.
1323 4343 1355 4392 ln

158 4451 265 4498 quonam
287 4437 398 4485 carnium
421 4441 444 4484 et
465 4436 624 4499 &apulum
638 4434 720 4498 fidem
742 4440 765 4484 ct
790 4432 893 4484 euidens
914 4434 1081 4482 testimonium
1098 4433 1280 4495 prenswornm
1293 4448 1356 4496 pre-

157 4529 240 4574 aerum
257 4523 345 4573 literae
363 4523 494 4573 manum
508 4536 559 4586 per
576 4523 706 4571 notarium
721 4521 852 4585 publicum
871 4520 1068 4584 infrascriptum
1085 4520 1223 4583 registrari
1234 4518 1357 4569 maesti

159 4617 181 4662 et
195 4611 327 4675 publicari
343 4608 525 4661 mmrducimue
541 4611 669 4672 matrique
686 4609 766 4673 sipilli
781 4609 902 4656 inurimur
925 4608 1081 4670 appensione
1103 4607 1261 4655 communiri.
1299 4604 1355 4654 Du·

157 4705 212 4749 tarn
229 4704 252 4748 et
269 4704 352 4748 actum
371 4734 611 4748 ..........
