3400 5350
1295 431 1361 497 603

210 620 288 691 677.
886 628 967 688 1871
985 632 1100 703 tagum
1114 631 1144 697 b.
1160 631 1318 703 Gottwelg.

163 797 232 863 Der
254 796 360 862 Notcr
381 796 538 862 Heinrich
567 816 627 861 von
650 798 751 862 lirae
781 797 975 864 beccrkundet
1006 799 1058 862 die
1079 797 1280 882 Erncanm
1309 798 1362 864 des

164 901 317 983 Psorrcrs
332 901 435 967 Jacob
459 922 519 967 con
538 902 703 984 Macran,
727 903 780 968 des
795 903 944 970 Meisters
959 903 1090 969 Jotcnn
1105 923 1165 967 coc
1183 904 1362 984 Konstoce,

165 1008 219 1072 des
240 1007 378 1072 Koarad
408 1028 468 1072 von
491 1007 607 1072 Kassel
635 1008 704 1073 aad
733 1008 787 1074 des
809 1009 928 1075 Robert
956 1029 1017 1074 voc
1044 1009 1292 1093 Schmolcobcrp
1322 1029 1364 1074 su

218 1112 453 1178 Procuratores
476 1112 528 1179 des
550 1111 663 1195 Stiftes
685 1109 839 1196 Gcoweq
862 1135 907 1178 aa
929 1114 985 1179 der
1007 1113 1181 1180 remorta
1204 1113 1310 1181 Garis.

271 1305 344 1372 Orig.
366 1306 421 1373 (Δ),
448 1307 525 1373 Perg.
544 1306 703 1374 rostfleckig.
739 1306 831 1373 Siegel
854 1323 888 1358 an
912 1308 988 1359 einer
1009 1307 1127 1372 Press013
1156 1308 1240 1374 Copie
1257 1307 1303 1375 (B)
1327 1310 1363 1357 im

165 1393 329 1459 Gottweiger
346 1393 410 1445 Cod.
425 1394 476 1444 886
495 1390 584 1462 (rothe
602 1391 655 1459 nr.)
674 1410 714 1444 nr.
727 1396 787 1444 410.

269 1567 365 1634 Anno
396 1567 517 1633 domini
546 1567 715 1633 millesimo
746 1569 962 1633 tricentesimo
995 1571 1232 1654 septuagesimo
1261 1570 1364 1655 primo

164 1672 338 1739 indictione
361 1696 456 1757 nona,
480 1674 686 1760 pontificatus
709 1675 903 1738 sanctissimi
925 1675 959 1738 in
981 1672 1110 1738 Christo
1132 1675 1233 1760 patris
1256 1696 1295 1739 ac
1312 1673 1365 1740 do·

165 1780 242 1844 mini
265 1780 374 1862 nostri,
406 1778 526 1845 domini
550 1779 700 1865 Gregorii
722 1778 833 1844 divina
857 1777 1070 1866 providencia
1094 1801 1179 1865 pape
1201 1778 1365 1845 undecimi

165 1907 250 1950 anno
272 1887 374 1972 primo
398 1884 451 1950 die
473 1887 586 1971 quinta
607 1886 728 1950 mensis
752 1886 881 1970 augusti
903 1883 1000 1970 paulo
1022 1893 1095 1970 post
1117 1882 1230 1949 horam
1254 1906 1365 1971 vespe·

168 2012 276 2056 rorum
298 1991 331 2055 in
353 1990 423 2055 loco
445 1989 613 2076 capitulari
635 1992 820 2055 monasterii
842 1987 1076 2055 (lhotwicensis
1099 1990 1131 2053 in
1154 1991 1221 2053 mei
1243 1987 1365 2074 publici

168 2098 283 2161 notarii
315 2105 347 2161 et
371 2099 501 2161 testium
523 2097 800 2183 infrascriptorum
823 2098 995 2182 presencia
1016 2095 1229 2182 personaliter
1252 2098 1365 2160 consti·

168 2203 227 2266 tuti
249 2200 444 2266 venerabilis
467 2211 561 2288 pater
589 2202 737 2268 dominus
754 2201 883 2265 Vlricus
905 2199 1020 2284 abbas,
1050 2198 1238 2265 Fridericus
1267 2203 1365 2286 prior,

168 2306 307 2371 lacobus
338 2316 450 2371 cantor
479 2308 643 2392 ceterique
674 2305 823 2371 monachi
854 2327 913 2369 seu
946 2305 1063 2369 fratres
1094 2314 1289 2370 conventum
1322 2304 1367 2368 fa·

170 2411 292 2475 cientes
323 2409 400 2475 dicti
427 2412 610 2475 monasterii
633 2409 865 2476 Ohotwicensis
889 2408 1010 2474 ordinis
1032 2430 1058 2474 s.
1082 2408 1253 2474 Benedicti
1274 2409 1367 2474 Pata·

169 2516 288 2579 riensis
312 2512 447 2578 diocesis
469 2515 613 2579 unanimi
636 2536 797 2579 consensu
820 2523 854 2579 et
876 2536 920 2578 ex
936 2523 1024 2579 certa
1040 2514 1182 2578 sciencia
1198 2515 1367 2578 constitue·

169 2628 245 2685 runt
274 2620 421 2684 fecerunt
450 2619 681 2686 ordinaverunt
702 2618 798 2685 modo
821 2628 855 2684 et
876 2620 979 2685 forma
1001 2620 1087 2702 iuris,
1111 2617 1230 2705 quibus
1253 2618 1366 2685 melius

170 2724 354 2790 debuerunt
383 2734 415 2789 et
443 2733 627 2811 potuerunt,
658 2747 732 2789 suos
762 2734 794 2789 et
824 2724 901 2788 dicti
931 2727 980 2789 sui
1010 2726 1194 2788 monasterii
1217 2746 1311 2787 veros
1335 2732 1368 2788 et

169 2828 327 2914 legitimos
350 2838 575 2915 procuratores
597 2829 750 2916 syndicos
764 2837 957 2916 yconomos¹
980 2851 1020 2893 ac
1036 2831 1169 2893 nuncios
1184 2827 1367 2915 spirituales

169 2932 319 2998 honestos
341 2936 427 2998 viros
451 2933 617 2999 dominum
638 2934 794 2999 Iacobum
816 2942 976 2998 rectorem
998 2932 1208 3019 parrochialis
1231 2932 1367 2997 ecclesie

169 3039 202 3102 in
225 3038 377 3104 blautarn
408 3039 493 3104 dicte
525 3039 671 3117 diocesis,
704 3041 894 3124 magistrum
917 3036 1072 3102 Ioannem
1095 3036 1137 3102 de
1160 3036 1367 3118 constancia,

170 3143 337 3208 dominum
359 3142 569 3208 Ohunradum
601 3142 642 3208 de
666 3141 777 3209 Cassel
808 3149 840 3206 et
862 3141 1044 3207 thbertum
1068 3141 1109 3206 de
1132 3140 1365 3207 Smalenborch

170 3250 203 3312 in
225 3249 372 3313 Romana
395 3251 485 3313 curia
507 3259 732 3335 procuratores
755 3246 906 3311 absentes
929 3255 1095 3332 tamquam
1118 3255 1305 3333 praesentes
1336 3257 1369 3312 et

169 3354 202 3416 in
233 3352 370 3418 solidum
399 3355 453 3436 ita,
484 3353 578 3440 quod,
601 3375 665 3418 non
696 3355 736 3417 sit
764 3351 877 3418 melior
904 3351 1050 3416 condicio
1081 3354 1278 3438 occupantis,
1309 3352 1368 3417 sed

170 3457 256 3543 qnod
287 3480 369 3523 unus
400 3480 511 3522 eorum
540 3460 707 3544 inceperit,
739 3456 820 3522 alter
850 3458 1001 3543 prosequi
1024 3455 1131 3521 valeat
1153 3467 1186 3521 et
1207 3457 1301 3521 finire
1323 3456 1366 3522 ad

170 3562 410 3648 impetrandum
439 3565 472 3628 in
503 3565 593 3627 curia
615 3563 762 3628 Romana
785 3561 1003 3647 indulgentias
1026 3571 1059 3626 et
1080 3561 1249 3648 privilegia
1272 3583 1366 3648 quac-

171 3689 298 3753 cunque
322 3692 341 3732 a
364 3667 442 3731 sede
465 3667 640 3754 apostolica
662 3667 842 3754 profectum
867 3677 898 3732 et
920 3666 1089 3740 utilitatem
1105 3669 1366 3732 constituentium

170 3782 203 3836 et
226 3771 302 3836 dicti
325 3774 510 3837 monasterii
534 3774 768 3837 concernencia
792 3781 823 3837 et
846 3772 888 3836 ad
911 3771 1089 3859 petendum
1112 3780 1194 3836 etse
1211 3774 1367 3837 canonice

170 3875 336 3941 informari
358 3876 544 3942 faciendum
567 3876 609 3942 de
632 3877 832 3964 obligacione
855 3880 950 3942 unius
973 3877 1185 3942 marobotinib
1213 3879 1283 3942 auri
1307 3879 1368 3942 sin-

171 3981 255 4066 gulis
285 3983 378 4046 annis
408 3981 564 4064 solvendi,
595 4003 659 4068 quo
681 3983 818 4047 Ioannes
850 3981 892 4046 de
915 3980 1094 4067 Rembach,
1118 3985 1294 4047 canonicus
1318 4004 1367 4047 ec-

172 4086 289 4151 clesiae
319 4086 435 4151 beatae
458 4087 582 4151 Mariae
612 4091 731 4152 veteris
762 4086 906 4174 capellae
934 4087 1188 4174 Ratisponensis,
1218 4110 1367 4153 asserens

172 4213 207 4256 se
228 4193 262 4256 in
284 4190 468 4256 huiusmodi
490 4214 590 4257 causa
612 4192 879 4258 subcollectorem
901 4191 979 4257 dicit
1001 4191 1123 4257 dictum
1139 4195 1368 4258 monasterium

171 4295 410 4361 Ohotvvicense
440 4296 508 4360 fore
539 4296 704 4362 Romanae
736 4297 894 4363 ecclesiae
925 4297 1077 4362 censuale
1105 4305 1137 4361 et
1158 4299 1184 4362 si
1206 4298 1302 4383 plene
1324 4299 1367 4363 in·

174 4399 301 4465 formati
323 4401 444 4466 fuerint
466 4400 508 4465 ad
533 4401 798 4467 concordandum
820 4425 895 4467 oum
918 4424 966 4484 eo,
991 4403 1082 4466 cuius
1104 4403 1249 4486 interest,
1272 4424 1369 4489 super

174 4525 273 4569 censu
303 4516 490 4593 memorato,
520 4507 640 4593 aliquin
671 4506 713 4572 ad
743 4508 917 4594 petendam
940 4506 1173 4573 absolutionem
1195 4528 1293 4592 super
1316 4531 1369 4594 po-

173 4730 238 4785 dll.
276 4742 289 4767 ·
306 4735 338 4784 A.
359 4761 389 4770 -—
410 4735 423 4767 ὓ
441 4735 496 4785 Das
514 4739 585 4784 erote
603 4752 618 4783 r
635 4734 739 4799 getilgt
