3400 5350
336 407 402 471 374

338 608 472 662 verere⁰
496 597 715 684 penitentibus
738 608 770 662 et
793 599 959 682 confessis,
983 601 1037 685 qui
1061 599 1104 664 ad
1127 600 1250 666 dictum
1265 600 1367 666 altare
1383 603 1416 666 in
1432 605 1530 667 omni-

336 702 398 767 bus
422 702 513 766 festis
536 705 585 767 sui
608 703 736 788 patroni
759 713 791 767 et
814 705 846 767 in
864 703 1072 769 dedicacione
1089 705 1233 769 eiusdem
1249 727 1288 769 ac
1303 707 1336 770 in
1352 705 1423 770 aliis
1439 705 1531 771 festis

337 807 551 893 infrascriptis
585 807 737 872 videlicet
770 808 887 873 natalis
921 809 1043 874 domini
1078 810 1329 875 circumcisionis
1360 810 1532 897 epiphanio

337 910 552 998 parascenesl
587 912 706 997 pasche
740 913 938 979 ascensionis
969 922 1171 999 pentecostes
1204 916 1358 980 trinitatis
1387 917 1532 1001 corporis

338 1015 459 1082 Christi
489 1017 689 1081 invencionis
719 1026 752 1081 et
783 1016 994 1082 exaltacionis
1025 1027 1136 1084 sancte
1167 1021 1282 1101 crucis,
1315 1021 1348 1083 in
1383 1020 1532 1086 omnibus

337 1121 429 1185 festis
452 1119 547 1185 beate
563 1121 667 1185 Marie
690 1123 826 1205 virginis
849 1143 888 1186 ac
910 1125 1014 1187 sancti
1037 1122 1190 1188 Iohannis
1212 1123 1364 1208 baptiste,
1388 1124 1477 1189 Petri
1499 1135 1533 1190 et

337 1223 429 1290 Pauli
458 1235 490 1289 et
517 1227 660 1290 omnium
687 1225 904 1311 apostolorum
927 1235 960 1291 et
982 1226 1255 1311 evangelistarum
1281 1238 1532 1315 sanctorumque

339 1330 496 1415 Stephani
526 1331 700 1394 Laureucii
732 1331 864 1395 Martini
895 1331 1043 1397 Nicholai
1071 1333 1221 1417 Gregorii
1252 1334 1428 1419 Augustini
1455 1333 1531 1398 Am·

337 1435 437 1500 brosii
454 1434 617 1517 leronimi,
641 1444 826 1500 sanctarum
843 1436 946 1501 Maria
963 1436 1158 1522 Magdalene
1174 1438 1331 1503 Katerine
1347 1439 1532 1523 Margarete

339 1538 457 1604 Cecilie
474 1540 575 1604 Lucie
591 1539 731 1624 Agathe,
755 1543 788 1604 iu
810 1540 901 1605 festis
924 1543 1067 1606 omnium
1090 1551 1274 1607 sanctorum
1297 1552 1329 1606 et
1351 1544 1532 1608 animarum

339 1653 371 1710 et
394 1667 452 1729 per
474 1654 606 1709 octavas
629 1645 790 1710 dictarum
805 1644 1020 1711 festivitatum
1036 1655 1167 1711 octavas
1183 1646 1371 1713 habentium
1386 1647 1532 1731 singulis·

339 1772 403 1835 que
433 1748 549 1814 diebus
580 1749 749 1814 dominicis
780 1772 879 1816 causa
910 1750 1096 1816 devocionis
1126 1753 1284 1816 oracionis
1314 1762 1371 1817 aut
1392 1755 1533 1838 peregri·

340 1854 484 1918 nacionis
515 1856 711 1919 accesserint
742 1876 800 1919 seu
831 1857 888 1942 qui
918 1857 1023 1920 missis
1053 1855 1332 1942 predicacionibus
1366 1859 1533 1922 matutinis

339 1960 484 2045 vesperis
514 1970 571 2024 aut
601 1958 671 2023 aliis
701 1961 960 2046 quibuscumque
991 1961 1110 2026 divinis
1140 1961 1255 2027 officiis
1285 1960 1406 2026 ibidem
1435 1963 1532 2027 inter-

338 2063 460 2128 fuerint
482 2072 538 2128 aut
561 2086 677 2149 corpus
698 2063 818 2130 Christi
842 2065 894 2130 vel
917 2065 1023 2131 oleum
1046 2088 1184 2148 sacrum,
1207 2089 1281 2131 cum
1303 2067 1439 2131 infirmis
1462 2089 1532 2152 por·

339 2176 459 2251 tentor,
487 2170 589 2234 secuti
612 2167 733 2233 fuerint
755 2192 813 2234 seu
835 2171 868 2233 in
893 2172 1034 2234 serotina
1057 2169 1242 2254 pulsacione
1265 2192 1421 2257 campane
1444 2174 1532 2255 geni·

339 2271 400 2337 bus
431 2271 526 2337 flexis
556 2282 619 2337 ter:
653 2295 715 2337 ave
745 2274 860 2356 Maria,
889 2272 1033 2339 dixerint
1064 2297 1189 2339 necnon
1217 2277 1272 2361 qui
1302 2275 1345 2340 ad
1375 2274 1533 2341 fabricam

340 2375 511 2441 luminaria
545 2387 733 2441 ornamenta
767 2387 824 2442 aut
858 2379 972 2465 quevis
1005 2377 1069 2443 alia
1102 2378 1188 2443 dicto
1222 2379 1316 2445 altari
1349 2381 1534 2445 neccssaria

341 2503 456 2546 manus
479 2483 684 2567 porrexerint
706 2480 882 2546 adiutrices
907 2481 956 2546 vel
980 2484 1035 2569 qui
1063 2484 1095 2547 in
1119 2505 1230 2549 eorum
1254 2486 1454 2549 testamentis
1476 2493 1535 2550 aut

342 2598 436 2650 extra
466 2608 581 2651 aurum
611 2595 782 2670 argentum
814 2588 1043 2652 vestimentum
1073 2597 1130 2652 aut
1156 2587 1288 2675 aliquod
1310 2587 1398 2653 aliud
1421 2591 1534 2654 carita·

342 2693 444 2756 tivum
467 2690 647 2756 subsidium
671 2679 874 2756 dicto'altari
899 2691 1091 2758 donaverint
1113 2693 1294 2777 legaverint
1315 2702 1372 2759 aut
1387 2715 1535 2779 procura·

342 2799 449 2861 verint
471 2807 528 2861 aut
551 2798 606 2882 qui
630 2819 687 2881 pro
711 2796 880 2862 animabus
904 2797 1112 2863 fundatorum
1136 2798 1214 2864 dicti
1236 2797 1347 2863 altaris
1367 2808 1400 2864 et
1415 2802 1535 2885 specia-

341 2900 415 2965 liter
446 2922 503 2986 pro
535 2904 644 2965 anima
666 2901 777 2966 Sifridi
801 2902 880 2966 dicti
902 2902 1051 2967 Locher⁸
1083 2904 1236 2988 armigeri
1265 2925 1304 2967 ao
1331 2907 1444 2970 matris
1466 2907 1536 2970 eius

342 3016 375 3070 et
398 3016 569 3091 parentum
593 3015 625 3069 et
640 3006 906 3090 predecessorum
930 3028 1061 3072 suornm
1084 3017 1147 3072 ter:
1171 3018 1265 3093 pater
1280 3015 1398 3089 noster,
1422 3017 1454 3074 et
1468 3019 1535 3074 ter:

343 3132 405 3175 ave
427 3109 531 3173 Maria
555 3109 698 3174 dixerint
720 3110 773 3175 vel
796 3112 829 3174 in
852 3113 1074 3175 anniversario
1097 3133 1206 3177 eorum
1231 3111 1438 3177 interfuerint
1460 3136 1535 3199 quo-

343 3217 572 3299 cienscumque
595 3214 866 3301 quandocumque
888 3225 921 3280 et
935 3215 1133 3302 ubicumque
1155 3218 1313 3302 premissa
1337 3217 1388 3281 vel
1411 3216 1534 3304 aliquid

343 3320 573 3405 premissorum
604 3319 720 3385 devote
747 3319 894 3401 fecerint,
926 3320 966 3385 de
989 3323 1215 3406 omnipotentis
1239 3320 1291 3386 dei
1313 3322 1535 3388 misericordia

343 3433 375 3487 et
397 3424 566 3488 beatorum
589 3424 678 3489 Petri
701 3433 734 3489 et
756 3424 849 3489 Pauli
877 3424 1093 3510 apostolorum
1116 3428 1185 3491 eius
1207 3430 1399 3492 auctoritate
1422 3427 1534 3492 confisi

343 3527 461 3612 singuli
492 3538 636 3593 nostrum
667 3528 886 3614 quadraginta
917 3528 985 3594 dies
1012 3528 1290 3614 indulgenciamm
1318 3530 1359 3595 de
1381 3532 1535 3597 iniunctis

343 3634 389 3697 eis
419 3633 610 3716 penitenciis
639 3633 891 3699 misericorditer
921 3635 955 3698 in
984 3633 1113 3698 domino
1134 3633 1329 3717 relaxamus,
1361 3635 1536 3701 dummodo

344 3736 507 3801 diocesani
537 3736 685 3801 voluntas
708 3738 750 3803 ad
773 3737 807 3802 id
831 3740 1004 3803 accesserit
1027 3747 1059 3802 et
1081 3759 1265 3803 consensus.
1311 3739 1349 3804 In
1372 3740 1464 3804 cuius
1487 3742 1535 3805 rei

342 3843 544 3906 tetimonium
570 3852 735 3926 presentes
757 3843 881 3909 litteras
905 3842 1082 3927 sigillorum
1105 3855 1287 3910 nostrorum
1309 3846 1460 3910 iussimus
1481 3866 1535 3931 ap·

344 3947 497 4031 pensione
527 3949 655 4011 muniri.
701 3948 824 4011 Datum
856 3946 1011 4012 Avinioni
1044 3950 1145 4012 tercia
1175 3947 1227 4013 die
1257 3950 1376 4014 mensis
1405 3951 1534 4033 augusti

342 4071 427 4114 anno
458 4049 578 4115 domini
610 4050 901 4116 MOCCXXXVII
931 4063 964 4116 et
994 4052 1200 4137 pontificatus
1222 4051 1342 4117 domini
1366 4052 1534 4118 Benedicti

343 4176 427 4240 pape
450 4154 517 4219 XII
539 4177 624 4219 anno
647 4157 751 4221 tertio.

342 4380 407 4435 397.
447 4383 506 4432 θΔ.
525 4388 590 4433 statt
608 4399 672 4434 carc.
691 4412 722 4421 -
742 4385 756 4417 ἅ
774 4384 804 4434 A.
824 4389 888 4435 statt
902 4400 1062 4448 par-crocces.
1084 4412 1115 4421 -
1134 4394 1145 4419 ⁰
1162 4384 1193 4434 A.
1213 4383 1310 4451 richtig
1329 4384 1442 4436 Loehlcr.
