3400 5350
1333 390 1396 455 411

205 581 392 667 Nedndling
423 603 524 647 unum
557 581 686 647 laneum
717 582 845 648 solvens
872 583 989 666 viginti
1018 604 1078 647 sex
1108 589 1260 647 metretas
1289 581 1397 661 tritici,

105 731 107 735 -
205 686 391 771 quindecim
421 695 574 751 metretas
607 708 720 770 avene,
755 694 879 772 septem
910 685 1027 752 solidos
1058 685 1264 752 denariorum
1287 686 1397 753 Wien-

206 793 353 857 nensium
376 812 450 856 cum
473 790 586 856 decem
609 790 760 875 denariis,
784 812 847 879 que
870 793 978 857 omnia
1000 791 1041 856 de
1064 792 1202 878 propriis
1226 790 1317 857 bonis
1339 812 1397 877 per

205 918 296 961 suam
319 897 513 964 industriam
536 898 703 984 acquisitis
726 899 938 984 comparavit,
961 898 1135 965 conventui
1158 917 1215 963 suo
1238 905 1271 962 et
1292 895 1396 963 fratri-

205 1000 265 1067 bus
288 1001 329 1066 de
352 1003 420 1088 ipso
444 1010 606 1069 conventu
627 1001 729 1067 libere
752 1001 887 1067 donavit
908 1001 1042 1067 tradidit
1064 1011 1097 1067 et
1116 1002 1294 1087 assignavit
1309 1000 1396 1067 nullo

204 1127 336 1193 prorsus
362 1108 433 1172 iure
456 1106 588 1172 dominii
611 1105 698 1192 apud
721 1108 828 1193 ipsum
851 1127 910 1171 sen
932 1127 1134 1172 successores
1156 1126 1231 1173 suos
1260 1104 1396 1171 abbates

204 1220 260 1276 aut
283 1233 392 1277 eorum
417 1210 570 1277 officiales
592 1212 626 1276 in
649 1212 727 1297 ipsis
743 1210 836 1276 bonis
852 1219 1071 1297 permanente
1102 1209 1170 1296 Ipsi
1185 1230 1263 1275 vero
1279 1209 1395 1275 fratres

203 1315 376 1382 sufficienti
406 1315 642 1381 deliberacione
672 1315 844 1401 perhabita
874 1315 1091 1381 decreverunt
1120 1324 1154 1379 et
1182 1322 1303 1380 statuto
1326 1335 1395 1399 spe

204 1420 276 1486 ciali
306 1442 403 1507 super
431 1420 494 1486 hoc
523 1443 597 1487 cum
620 1420 845 1505 solempnitate
868 1419 979 1487 debita
1002 1418 1088 1485 edito
1111 1418 1229 1504 singuli
1252 1421 1395 1506 propiis·

202 1527 391 1592 iuramentis
420 1526 642 1611 firmaverunt,
670 1524 756 1612 quod
787 1547 846 1611 pro
877 1524 1019 1591 remedio
1049 1522 1161 1590 salutis
1187 1524 1293 1589 anime
1316 1523 1395 1589 dicti

202 1630 330 1696 abbatis
357 1651 455 1697 unam
483 1633 613 1696 missam
636 1640 826 1717 perpetuam
849 1651 947 1716 snper
969 1630 1089 1714 aram,¹
1113 1651 1176 1717 que
1198 1630 1245 1695 eis
1268 1627 1395 1695 adhoc

203 1734 358 1821 deputata
386 1735 484 1802 fuerit
509 1737 596 1800 omni
627 1733 679 1799 die
707 1733 936 1801 celebrandam
966 1733 1119 1800 videlicet
1149 1736 1182 1799 in
1212 1732 1394 1799 ebdomada

202 1848 268 1904 tres
297 1842 412 1907 missas
439 1839 481 1905 de
508 1848 620 1905 sancta
643 1839 820 1916 Scolastica
842 1849 874 1906 et
896 1848 1036 1925 quatuor
1058 1861 1116 1925 pro
1140 1838 1301 1905 defunctis
1323 1860 1393 1925 per·

201 1954 298 2030 petuo
319 1943 539 2011 observabunt
561 1954 593 2009 et
616 1943 713 2031 quod,
736 1946 923 2031 quicunque
946 1943 1141 2030 oblagiarius
1163 1943 1301 2009 fratrum
1323 1965 1392 2030 pre

201 2048 360 2114 dictorum
387 2071 446 2136 pro
468 2057 614 2134 tempore
636 2048 743 2130 fuerit,
773 2048 964 2134 presbytero
987 2046 1166 2135 predictam
1189 2049 1321 2113 missam
1344 2069 1392 2112 ce·
1462 2077 1465 2084 ·

200 2152 338 2219 lebranti
366 2162 489 2240 septem
517 2152 667 2218 denarios
687 2153 904 2220 Wieuneuses
927 2152 968 2217 de
991 2151 1171 2218 redditibus
1194 2150 1281 2217 dicte
1303 2153 1392 2217 curie

201 2260 234 2323 in
258 2257 411 2325 Muetstal
442 2258 539 2324 debet
568 2259 762 2342 ministrare,
790 2257 929 2324 residuis
952 2256 1111 2323 fructibus
1134 2256 1280 2322 eiusdem
1303 2258 1392 2321 curie

200 2363 243 2428 ad
273 2361 440 2429 consilium
470 2365 633 2429 seniorum
664 2363 801 2428 fratrum
823 2373 979 2449 tempore,
1011 2384 1075 2450 quo
1097 2363 1315 2449 provenerint,
1346 2360 1392 2427 di·

200 2457 398 2533 stribuendis
416 2467 631 2534 decreverunt
646 2467 872 2535 nichilominus
894 2469 1153 2533 anniversarium
1175 2466 1262 2533 diem
1284 2466 1392 2533 obitus

201 2572 279 2637 dicti
309 2572 418 2638 fratris
442 2572 600 2656 Wulfingi
631 2571 769 2657 abbatis,
800 2571 931 2658 quando
954 2572 995 2638 ab
1018 2572 1079 2637 hac
1101 2571 1168 2638 lute
1189 2573 1391 2657 migraverit,

200 2701 273 2773 cum
303 2675 522 2764 solempnibus
551 2675 670 2762 vigiliis
698 2686 730 2742 et
753 2680 852 2743 missa
873 2699 932 2765 pro
956 2678 1117 2744 defunctis
1139 2678 1232 2743 aunis
1255 2675 1390 2763 singulis

198 2804 355 2869 peragere
385 2784 501 2847 ceteris
531 2782 686 2848 fratribus
715 2785 829 2848 missas
852 2782 998 2848 similiter
1019 2804 1078 2870 pro
1101 2782 1262 2848 defunctis
1284 2781 1391 2866 legen-

198 2887 284 2953 tibus
315 2889 347 2952 in
378 2896 545 2975 sequestro
575 2890 759 2974 percepturi
790 2887 926 2975 proinde
961 2888 1001 2953 de
1036 2888 1211 2972 oblagiario
1244 2885 1390 2972 predicto

197 2994 431 3078 pietanciarum
461 2994 531 3057 sive
554 2991 757 3058 oblacionum
779 2995 919 3075 nomine,
950 3002 1107 3080 quantum
1130 2991 1171 3057 de
1194 2990 1390 3078 supradictis

197 3098 378 3164 redditibus
408 3100 442 3162 in
463 3096 652 3182 Nenndling
682 3108 748 3163 tam
778 3100 811 3163 in
839 3098 983 3185 preatisb
1007 3097 1149 3162 denariis
1172 3118 1270 3182 quam
1292 3094 1389 3162 blado

196 3204 229 3267 in
253 3202 402 3268 denarios
426 3201 558 3268 redacto
581 3200 713 3267 cuilibet
735 3201 873 3268 fratrum
897 3201 1004 3289 equali
1028 3200 1258 3267 distribucione
1274 3201 1388 3268 eodem

198 3306 251 3373 die
272 3309 391 3395 poterit
413 3308 594 3392 provenire,
617 3307 795 3372 adicientes
816 3306 1042 3373 nichilominus
1058 3315 1178 3373 statuto
1194 3306 1387 3386 huiusmodi,

197 3412 284 3498 quod
318 3412 611 3499 quocienscumque
646 3433 766 3477 novum
801 3411 953 3477 abbatem
987 3414 1020 3477 in
1050 3411 1165 3477 eodem
1194 3413 1388 3477 monasterio

196 3518 299 3582 creari
322 3517 503 3601 contigerit,
527 3514 579 3580 ille
601 3518 782 3582 iuramento
805 3538 864 3582 suo
887 3516 1095 3603 corporaliter
1117 3518 1253 3603 prestito
1269 3517 1388 3602 specia-

194 3619 269 3686 liter
298 3619 418 3686 iurabit
448 3620 570 3685 dictum
599 3631 754 3687 statutum
776 3620 1006 3686 inviolabiliter
1029 3621 1203 3687 observare
1226 3629 1258 3686 et
1281 3622 1388 3687 omnia

195 3728 227 3790 in
261 3749 299 3791 eo
333 3734 483 3791 contenta
517 3725 654 3792 firmiter
683 3726 871 3813 adimplere.
917 3727 1041 3791 Verum
1070 3729 1097 3791 si
1127 3724 1324 3810 oblagiarius
1353 3727 1386 3790 in

195 3831 480 3897 distribucionibus
510 3831 664 3916 predictis
695 3830 863 3916 negligens
893 3831 992 3897 fuerit
1018 3830 1071 3897 vel
1093 3829 1232 3915 rebellis,
1255 3839 1332 3896 tunc
1355 3832 1386 3895 in

194 3957 311 4021 penam
335 3933 458 4000 desidie
482 3957 538 4000 sue
561 3935 687 4001 tamdiu
709 3938 742 4001 in
765 3958 851 4023 aqna
874 3944 906 4001 et
928 3958 1012 4022 pane
1036 3934 1208 4001 ieiunando
1231 3957 1290 4021 per
1305 3936 1387 4020 prio·

194 4062 262 4106 rem
293 4039 355 4106 loci
377 4040 539 4126 puniatur,
571 4039 675 4105 donec
697 4040 812 4106 eedem
834 4042 1037 4126 negligencie
1059 4041 1129 4107 siue
1152 4038 1258 4125 aliquo
1282 4038 1386 4104 obsta·

194 4144 264 4210 culo
295 4144 517 4210 emendentur.
563 4144 596 4211 Si
627 4167 705 4212 vero
736 4146 852 4233 aliquis
875 4145 916 4211 de
940 4143 1208 4212 conventualibus
1230 4141 1385 4230 predictis

194 4369 259 4427 447.
297 4383 311 4407 ·
327 4373 359 4423 a.
378 4378 443 4424 sats
456 4377 583 4440 propera.
604 4402 636 4412 -
655 4376 668 4409 a
686 4374 717 4425 A.
736 4380 801 4426 sats
814 4376 935 4441 pauo.

298 4512 307 4543 ¹
325 4514 417 4564 Durch
434 4513 487 4566 den
499 4515 702 4567 Rtlclrvermarlr
720 4531 773 4566 von
788 4514 992 4582 gleichzeitiger
1004 4514 1097 4566 Hand:
1114 4529 1193 4580 armar
1203 4516 1283 4566 misac
1294 4513 1385 4564 oltars‘s

192 4603 275 4652 sanat
297 4602 383 4653 Iacobt
405 4602 472 4653 vird
494 4603 542 4654 der
564 4603 646 4666 Alter,
670 4604 787 4655 walcher
809 4619 857 4655 aur
879 4602 1049 4656 Persolation
1070 4603 1118 4654 der
1139 4604 1227 4654 Messe
1250 4602 1385 4655 baatimmt

193 4702 256 4751 war,
274 4704 364 4756 genua
381 4690 547 4742 bezeichnet
