3400 5350
1283 430 1323 495 91

233 619 248 704 ξ
267 618 306 683 In
329 620 459 683 nomine
481 626 592 683 sancte
613 627 645 683 et
659 616 826 683 individue
847 619 1007 701 trinitatis,
1029 619 1045 704 ξ
1067 618 1256 705 Leupoldus
1271 621 1325 687 dei

139 724 241 807 gracia
263 722 332 787 dux
354 722 487 788 Austrie
509 731 542 787 et
563 722 659 789 Stirie
687 722 836 788 omnibus
864 721 983 788 Christi
1012 722 1163 789 fidelibus
1193 726 1227 790 in
1256 748 1327 811 per·

140 836 274 912 petuum.
311 827 396 892 Eam
418 829 600 913 principum
623 826 719 892 decet
740 848 811 891 esse
826 825 1026 912 industriam,
1050 835 1085 892 ut
1100 828 1187 914 quod
1202 831 1328 895 iusticia

140 930 241 1015 dictat,
264 931 307 995 ab
324 931 448 996 eisdem
464 931 671 998 confirmetur
687 939 718 995 et
732 953 817 995 nove
832 932 1011 996 exactionis
1026 931 1271 999 adinventiones
1295 946 1328 1001 et

137 1058 309 1122 pauperum
331 1038 555 1123 oppressiones
575 1036 738 1102 mediante
760 1037 892 1101 racione
911 1035 1132 1122 inprobantur.
1167 1037 1250 1104 Inde
1265 1049 1325 1124 est,

137 1140 217 1226 quod
237 1139 387 1206 omnibus
410 1140 548 1206 Christi·
570 1140 721 1206 fidelibus
750 1150 817 1206 tarn
847 1141 1053 1228 presentibus
1083 1164 1182 1228 quam
1210 1143 1325 1209 futuris

137 1254 276 1310 constare
299 1245 459 1331 volumus,
490 1245 576 1332 quod
598 1245 724 1311 Wezilo
755 1245 859 1312 abbas
891 1246 1117 1312 Gottwicensis
1147 1247 1240 1312 nobis
1270 1248 1325 1313 ad-

134 1350 258 1417 modum
281 1351 419 1417 devotus
442 1353 676 1438 querimoniam
698 1352 806 1437 sepius
824 1373 933 1416 coram
955 1351 1048 1416 nobis
1063 1352 1222 1438 deposuit,
1238 1353 1325 1439 quod

135 1456 322 1522 marschalci
349 1458 458 1540 nostri,
481 1458 536 1541 qui
558 1478 698 1521 avenam
721 1454 763 1520 de
789 1455 911 1541 prediis
935 1456 1161 1521 Gottwicensis
1189 1456 1326 1523 ecclesie

134 1561 309 1626 secundum
338 1562 496 1625 iusticiam
522 1569 608 1625 terre
638 1569 747 1624 nostre
769 1559 864 1625 nobis
887 1559 1030 1626 debitam
1053 1560 1216 1646 colligunt,
1239 1562 1326 1627 mali·

136 1667 213 1730 ciose
234 1666 383 1730 homines
407 1664 543 1730 ecclesie
566 1675 743 1749 gravarent
773 1687 821 1748 eo,
849 1665 936 1750 quod
967 1664 1112 1731 debitam
1141 1689 1328 1732 mensuram

134 1770 164 1833 in
177 1769 365 1857 recipiendo
381 1792 479 1855 supra
493 1791 678 1834 mensuram
694 1768 903 1834 excederent.
935 1768 1035 1835 Cuius
1058 1772 1106 1835 rei
1121 1771 1326 1837 considerata

134 1876 275 1959 veritate,
299 1876 376 1961 quia
399 1874 480 1940 deus
503 1883 536 1939 et
557 1876 652 1939 timor
675 1872 728 1938 dei
750 1873 842 1939 nobis
865 1875 898 1938 in
921 1896 1021 1939 eausa
1050 1896 1122 1940 esse
1145 1874 1254 1960 debet,
1283 1899 1325 1942 ne

134 1977 246 2043 clamor
269 2001 453 2066 pauperum
476 1988 588 2043 contra
611 2000 669 2043 nos
692 1977 849 2044 ascendat
871 1989 904 2043 et
925 2000 997 2042 reos
1028 2001 1136 2044 coram
1165 1979 1226 2045 deo
1254 2004 1325 2046 con-

133 2084 245 2167 stituat,
271 2105 404 2148 causam
428 2082 469 2147 de
493 2082 624 2147 consilio
647 2085 837 2169 optimatum
860 2091 1042 2147 nostrorum
1069 2083 1204 2170 dignum
1233 2085 1326 2151 duxi-

133 2209 198 2252 mus
219 2187 470 2271 terminandam,
493 2196 529 2253 ut
558 2186 723 2252 maliciosa
753 2189 880 2252 exactio
912 2186 954 2251 de
984 2197 1092 2252 cetero
1119 2191 1327 2276 conquiescat

134 2302 162 2355 et
182 2290 276 2357 nobis
302 2301 333 2357 et
355 2291 531 2356 heredibus
554 2291 670 2356 nostris
692 2293 819 2356 iusticia
845 2290 937 2355 illesa
966 2303 1164 2378 permaneat.
1210 2294 1326 2361 Statui-

133 2417 198 2460 mus
220 2420 302 2483 ergo
324 2419 509 2462 mensuram
532 2396 575 2461 ad
598 2394 769 2461 dimidium
790 2396 933 2461 modium
956 2396 1152 2483 Ypohtensis
1175 2399 1246 2484 fori,
1269 2403 1326 2486 qui

134 2498 201 2566 dato
224 2502 398 2588 privilegio
420 2504 563 2588 presenti
590 2503 624 2565 in
652 2523 714 2565 usu
744 2500 815 2584 fuit,
846 2524 909 2588 que
938 2501 1031 2567 nobis
1061 2512 1094 2568 et
1120 2505 1326 2590 optimatibus

134 2609 242 2670 nostris
264 2607 354 2671 bene
376 2604 567 2670 mediocris'³
590 2605 720 2692 placuit,
744 2627 808 2692 que
830 2614 897 2670 tam
920 2605 1013 2671 nobis
1029 2628 1127 2693 quam
1141 2607 1324 2674 hominibus

133 2709 262 2776 ecclesie
288 2721 460 2797 competat,
483 2720 520 2776 ut
549 2712 619 2796 ipsa
648 2732 801 2775 mensura
828 2720 907 2796 aput
935 2712 1153 2778 marschalcos
1176 2724 1208 2779 et
1237 2714 1325 2801 apud

133 2812 281 2880 abbatem
304 2815 450 2901 predicte
474 2814 611 2879 ecclesie
635 2824 845 2879 conservetur
868 2824 900 2878 et
921 2817 992 2902 ipsa
1014 2839 1168 2883 mensura
1189 2821 1223 2883 in
1246 2842 1325 2885 vase

131 2922 303 3005 recipiatur
325 2928 358 2984 et
381 2941 454 2984 cum
477 2919 608 3005 plenum
629 2919 726 2984 fuerit
747 2942 816 3002 vas,
847 2919 935 3005 quod
955 2919 1114 3007 reliquum
1136 2922 1241 3007 fuerit,
1272 2924 1325 2989 de·

133 3023 284 3108 trahatur,
307 3033 345 3088 ut
365 3046 428 3087 nec
456 3024 601 3088 homines
632 3022 769 3087 ecclesie
799 3025 831 3088 in
867 3022 1021 3089 solvendo
1051 3029 1173 3110 possint
1202 3027 1325 3114 aliquid

133 3128 320 3193 subtrahere
343 3150 405 3193 nec
432 3126 626 3192 marschalci
656 3130 690 3191 in
718 3127 906 3213 recipiendo
936 3127 1079 3193 debeant
1107 3129 1240 3196 modum
1270 3154 1324 3196 ex·

133 3231 255 3299 cedere.
297 3232 415 3297 Avens
437 3243 545 3297 autern
569 3232 680 3297 debita
709 3231 763 3297 vel
793 3231 918 3297 denarii
947 3255 1005 3318 pro
1031 3256 1138 3298 avena
1167 3235 1323 3321 solvendi,

133 3442 186 3506 sita
207 3443 342 3526 fuerint,
363 3445 398 3507 in
419 3443 501 3508 festo
524 3444 627 3508 sancti
650 3442 818 3507 Michaelis
841 3441 1021 3507 secundum
1043 3442 1149 3507 forum
1171 3448 1324 3532 temporis

132 3544 207 3613 illius
229 3571 292 3634 per
314 3546 469 3612 abbatem
491 3546 666 3630 solvantur,
689 3569 751 3611 nec
773 3546 967 3611 marschalci
989 3550 1090 3611 nostri
1112 3571 1170 3634 pro
1193 3552 1322 3615 racione

133 3672 350 3737 expensarum
379 3661 452 3739 post
482 3651 591 3717 datam
621 3675 760 3717 avenam
790 3651 912 3738 aliquid
942 3654 1085 3737 exigant,
1115 3676 1173 3739 pro
1208 3655 1325 3740 quibus

133 3760 279 3843 expensis
305 3759 410 3842 ipsam
432 3779 618 3822 mensuram
639 3759 794 3821 maiorem
817 3757 995 3821 statuimus.
1031 3754 1118 3836 Quia
1140 3780 1217 3843 ergo
1240 3759 1324 3824 hanc

132 3871 269 3928 nostram
295 3864 561 3928 constitucionem
576 3872 644 3929 tam
660 3872 738 3949 aput
752 3884 811 3927 nos
827 3884 926 3949 quam
941 3861 1030 3948 apud
1044 3862 1185 3928 heredes
1199 3874 1324 3930 nostros

131 3977 320 4053 perpetuam
343 3968 491 4033 velumus
513 3967 635 4033 habere
658 3967 852 4050 firmitatem,
882 3966 923 4030 de
946 3966 1008 4030 hac
1035 3976 1145 4033 nostra
1175 3971 1322 4033 constitu·

131 4070 209 4136 tione
231 4081 421 4159 presentem
443 4075 595 4159 paginam
618 4082 750 4157 propter
772 4072 932 4136 firmitatis
954 4074 1142 4137 memoriam
1165 4075 1323 4159 conscrip-

132 4174 224 4240 simus
248 4186 283 4242 et
304 4176 401 4261 sigilli
422 4178 521 4241 nostri
543 4178 744 4262 inpressione
766 4175 998 4241 roboravimus.
1023 4176 1136 4241 Testes
1159 4176 1254 4241 huius
1276 4180 1324 4241 rei

134 4290 215 4344 sunt:
245 4281 453 4348 Wernherns
484 4279 587 4345 abbas
618 4279 659 4345 de
690 4279 810 4346 Sancta
837 4279 954 4364 Oruce,
987 4279 1117 4347 Okerus
1147 4280 1251 4346 abbas
1282 4281 1323 4347 de

135 4535 176 4591 ib·
231 4552 245 4576 ⁸
263 4542 297 4594 Δ.
313 4545 417 4608 xpristi,
436 4542 535 4595 berubt
556 4543 605 4594 auf
628 4544 717 4594 etnam
741 4542 1005 4594 Missverstttndnisse
1023 4542 1170 4604 desultor,
1193 4558 1241 4595 aus
1264 4544 1324 4596 dem

135 4625 321 4681 (irieehisehen
346 4631 533 4681 stammenden
560 4631 698 4697 Kttrzung.
716 4659 749 4668 -
768 4633 781 4666 ¹²
799 4631 876 4681 Nach
902 4648 928 4680 m
954 4632 999 4681 sin
1025 4630 1108 4692 Lech,
1135 4631 1251 4682 welches
1277 4632 1325 4682 der

136 4711 415 4770 Urknndenschreiber
432 4718 561 4769 vermied.
