3400 5350
1284 410 1347 475 763

260 602 334 669 Orig.
347 599 402 670 (Δ),
418 602 496 669 Perg.
517 602 608 670 Siegel
626 618 679 653 von
697 603 787 655 cinam
803 604 1013 671 Perg.·8trsifen
1031 603 1193 671 abgelallan.

260 726 342 776 Dicae
360 724 491 776 Urkunde
508 740 564 777 war
581 727 631 777 mit
647 724 694 777 der
706 725 842 778 'l'extseite
860 729 889 778 in
907 729 987 779 einen
1000 726 1064 778 θοὰ.
1082 726 1123 778 ala
1134 725 1281 778 Deckblatt
1292 728 1347 778 ein·

156 812 267 879 geklebt
292 811 347 862 und
369 813 405 864 ist
426 812 510 864 durch
532 814 612 864 einen
634 812 839 880 recbtsseitigen
860 814 1003 866 Abscbnitt
1025 813 1217 866 verstltmmelt.
1240 842 1273 853 -
1294 815 1347 866 Die

156 899 375 967 chronologisebe
391 900 561 966 Einreihung
578 900 666 953 dieser
683 901 814 955 Urkuntle
836 903 926 969 ergibt
948 903 1006 954 sich
1027 918 1077 955 aus
1098 902 1159 955 dam
1176 902 1283 955 lnhults
1301 902 1348 954 der

157 986 287 1038 Urlrunde
304 986 360 1037 und
377 1003 426 1038 aus
444 1004 483 1038 nr.
496 988 547 1038 84³
565 987 622 1039 und
639 989 699 1039 846.
726 989 768 1040 Da
782 988 881 1054 jedocb
900 988 947 1041 das
959 989 1139 1057 Tagssdatum
1156 989 1197 1040 als
1214 988 1262 1040 der
1279 995 1348 1041 erate

156 1074 213 1141 Τις
231 1074 306 1126 eines
317 1075 423 1126 Monate
441 1074 600 1126 bezeichnet
616 1076 661 1139 ist,
677 1091 707 1127 so
725 1076 827 1127 ktnute
846 1091 908 1128 man
927 1082 997 1129 etwa
1015 1079 1064 1128 mit
1075 1076 1223 1128 Rttcksicbt
1239 1076 1290 1128 aul
1304 1075 1349 1128 die

156 1161 298 1230 kttnftigen
311 1161 489 1215 Mitteriasten
508 1161 594 1230 (littra
606 1163 652 1229 21)
670 1163 722 1214 den
740 1168 830 1215 ersten
842 1163 917 1216 marn
933 1165 999 1215 1396
1017 1163 1057 1215 als
1070 1164 1170 1215 Datum
1188 1164 1348 1215 annehmen.

260 1335 418 1401 Martinus
434 1334 591 1421 Ohorner,
614 1335 757 1402 decanus
780 1345 813 1402 et
834 1336 1026 1424 plebanus
1016 1359 1050 1402 ιιι
1066 1336 1167 1420 Stain,
1189 1338 1348 1402 universis

157 1451 190 1506 et
210 1439 344 1527 singulis
366 1439 577 1506 ecclesiarum
599 1439 845 1527 parrochialinm
868 1441 1048 1506 rectoribus
1063 1439 1208 1528 plebanis
1224 1439 1349 1528 cappel-

156 1543 259 1610 lanis·
277 1596 902 1612 ....................
926 1547 959 1611 in
982 1545 1110 1611 domino
1134 1554 1167 1610 et
1188 1545 1349 1611 mandatis

156 1650 282 1733 nostris,
305 1671 381 1737 ymo
403 1650 513 1714 verius
536 1651 729 1715 serenissimi
744 1651 899 1737 principis
914 1659 947 1716 et
962 1649 1082 1716 domini
1096 1651 1205 1735 nostri,
1229 1648 1349 1715 domini

157 1753 294 1840 Alberti,
318 1753 409 1819 ducis
424 1754 555 1819 Austris
578 1763 639 1819 etc.
659 1775 786 1820 necnon
810 1804 1336 1820 .................

157 1881 294 1947 quarum
315 1858 494 1924 litterarum
508 1867 637 1924 tenores
652 1859 856 1924 secunturl
846 1880 880 1924 ιιι
895 1858 958 1924 hec
972 1857 1089 1924 verba:
1111 1858 1191 1943 folet
1203 1859 1351 1925 temet

156 1987 207 2030 ar.
222 1965 297 2029 843.
345 2014 675 2028 ...........
701 1965 852 2046 continet,
884 1962 971 2051 quod
1001 1985 1112 2030 omnes
1140 1961 1349 2029 eeclesiarum

156 2078 298 2134 rectores
322 2078 382 2133 etc.
408 2069 472 2132 suis
496 2068 633 2155 propriis
662 2067 781 2133 colonis
804 2067 847 2133 ad
870 2090 982 2134 eorum
1004 2068 1158 2134 ecclesias
1180 2069 1350 2155 spectanti·

156 2174 218 2240 bus
239 2183 350 2239 uxum
371 2173 449 2260 ipsis
470 2174 651 2259 impositam
673 2181 705 2238 et
726 2171 984 2259 imponend[am]
1016 2223 1348 2238 ...........

159 2327 425 2344 .........
450 2275 583 2360 iudices,
606 2298 687 2363 quos
705 2278 939 2360 invocaverint,
963 2276 1144 2363 conpellere
1160 2279 1292 2363 possint,
1315 2287 1351 2343 ut

157 2385 301 2472 sequitur
322 2384 355 2447 in
378 2382 439 2447 bec
462 2380 579 2446 verba:
601 2381 681 2466 folpt
702 2382 848 2448 inaniet
870 2403 920 2448 ar.
940 2385 1016 2448 844.
1054 2382 1162 2447 Tener
1184 2383 1283 2447 tercie
1304 2381 1351 2447 lit

157 2498 226 2555 tere
248 2489 391 2575 sequitur
413 2485 498 2553 talis:
522 2485 601 2571 folpt
619 2486 766 2552 casam
779 2508 829 2552 cr.
847 2489 921 2553 845.
957 2485 1068 2568 Quare
1084 2485 1176 2551 vobis
1192 2488 1350 2552 universis

158 2604 191 2659 et
211 2591 344 2680 singulis
367 2590 559 2678 supradictis
576 2589 636 2656 sub
653 2589 763 2657 debita
778 2589 979 2675 obediencia,
1003 2592 1351 2657 excommunicacionis

158 2698 403 2786 suspens[ionis]
431 2747 1055 2762 ....................
1084 2696 1352 2761 contradiccionis

158 2805 242 2870 infra
271 2802 346 2868 binc
377 2811 410 2867 et
439 2800 581 2867 medium
612 2799 870 2888 quadragesime,
901 2809 997 2886 prout
1023 2802 1170 2886 superius
1191 2809 1350 2885 narratur,

158 2931 317 2976 summam
345 2918 422 2973 taxe
452 2906 631 2972 mediorum
658 2905 872 2989 fruc[tuum]⁸
897 2903 1028 2970 cuilibet
1051 2955 1349 2970 ..........

160 3062 460 3079 ..........
483 3009 660 3098 pensando,
688 3032 730 3075 ne
761 3012 813 3075 cui
840 3008 973 3076 cederet
995 3011 1120 3095 iniuria,
1148 3032 1169 3074 a
1190 3007 1283 3074 nobis
1306 3010 1350 3074 in-

158 3121 295 3207 positam
324 3138 451 3183 necnon
480 3116 523 3182 ab
552 3114 793 3181 honorabilibus
823 3124 857 3180 et
878 3113 1025 3180 ffiscretis
1047 3116 1125 3179 viris
1148 3123 1180 3179 et
1203 3114 1349 3200 dominis,

160 3225 288 3290 domino
312 3270 937 3287 ....................
963 3217 1138 3284 Michabeli
1156 3217 1295 3304 plebano
1317 3221 1349 3284 in

159 3326 367 3416 Waydhofia,
391 3324 485 3392 huius
508 3328 613 3412 operis
635 3324 851 3390 assessoribus
875 3333 908 3389 et
929 3332 965 3389 ut
986 3326 1019 3389 in
1043 3322 1165 3389 cedulis
1187 3322 1351 3389 videbitur

159 3458 218 3522 per
240 3434 394 3499 nunccios
416 3440 540 3497 nostros
563 3429 655 3495 vobis
674 3429 928 3517 presentan[dis]
952 3479 1348 3494 .............

160 3588 394 3606 ........
418 3535 510 3602 nobis
539 3542 743 3622 presentetur
773 3543 806 3600 et
835 3532 1047 3621 persolvatur.
1092 3532 1127 3601 Si
1150 3534 1221 3621 quis
1243 3542 1351 3598 autern

160 3642 288 3710 rebellis
311 3643 455 3708 fueritin
470 3639 634 3729 predictis,
657 3642 856 3706 sentenciam
878 3639 1223 3705 excommunicacionis
1245 3638 1351 3703 statim

161 3758 193 3815 et
214 3748 431 3836 suspensionis
454 3745 528 3813 eth
545 3793 1202 3810 .....................
1217 3764 1351 3808 necesse

160 3855 257 3919 fuerit
287 3861 397 3918 contra
426 3850 563 3917 rebelles
590 3872 629 3916 ac
651 3848 766 3916 horum
789 3847 1040 3914 contradictores
1063 3847 1104 3912 de
1126 3846 1279 3912 mandato
1301 3869 1350 3912 su-

161 3962 323 4045 periorum
345 3966 526 4022 nostrorum
548 3955 760 4043 procedemus
783 3953 826 4018 ad
844 3954 995 4038 graviora
1018 4002 1348 4017 ...........

163 4113 429 4129 .........
454 4062 629 4126 munimine
652 4061 751 4124 nostri
774 4058 951 4123 decanatus
974 4056 1026 4122 hic
1046 4055 1139 4141 sigilli
1155 4058 1350 4143 appensione

161 4172 194 4233 in
216 4177 326 4233 nostra
349 4167 439 4230 curia
461 4163 608 4230 decanali
630 4167 663 4228 in
686 4162 778 4229 Stain
800 4165 905 4249 prima
928 4160 981 4227 die
1004 4163 1123 4227 mensis
1147 4208 1349 4225 .......

163 4495 229 4551 846.
269 4509 282 4533 ·
300 4499 392 4550 Lucre
410 4498 469 4549 bier
486 4496 541 4548 und
559 4495 708 4549 weiterbin.
728 4523 759 4533 -
778 4497 792 4530 b
809 4496 839 4547 Α.
860 4522 893 4533 -
911 4505 923 4529 ⁶
941 4495 1024 4547 durch
1043 4496 1088 4546 ein
1106 4494 1179 4545 Lech
1198 4499 1315 4545 serstort.
