3400 5350
1310 399 1374 468 209

176 594 260 681 osy,
282 595 352 661 cred
372 616 461 662 awos
483 600 620 663 maaca
635 594 705 661 dem
719 592 959 677 Sieohonhause,
983 594 1107 661 letalem
1129 596 1184 661 der
1200 594 1293 661 Oblai
1314 596 1374 660 do·

176 701 270 769 caba
290 722 350 767 sur
364 700 513 784 Stiflono
535 702 619 766 aues
633 700 806 785 Jalvrtayes
826 702 895 766 aad
914 702 999 766 eines
1013 700 1200 766 Frohmolos
1214 702 1251 766 in
1266 700 1375 766 beiden

178 807 365 888 Oonomtm,
395 805 499 873 behdlt
527 806 594 872 sict
616 805 730 888 jodoco
759 806 816 887 fair
849 806 935 871 scissa
964 805 1146 871 &benedt
1179 805 1240 870 den
1270 805 1374 871 Nuta-

672 930 788 994 yeoucs
808 930 874 977 vor.

281 1086 354 1152 Orig.
372 1084 426 1154 (A),
449 1086 525 1152 Perg.
549 1086 748 1152 lonchtlleclrig.
784 1086 857 1137 Zwei
884 1085 974 1153 Siegel
997 1101 1033 1136 an
1060 1084 1266 1152 Perg.·Streifen
1293 1086 1372 1151 abga-

178 1172 275 1234 l'allen;
294 1173 377 1241 Copia
395 1175 424 1224 in
442 1172 541 1225 (lodo
559 1172 577 1224 f.
591 1173 624 1223 'ld
637 1172 691 1241 (B).

281 1294 386 1357 Karhn,
404 1295 455 1346 345
473 1310 512 1346 nr.
526 1295 559 1345 76
577 1309 626 1347 aus
643 1295 675 1346 B.

282 1467 368 1548 Quia
389 1490 442 1533 res
464 1476 555 1555 geste
571 1466 757 1533 diffidencie
773 1467 953 1553 periculum
969 1477 1002 1533 et
1017 1467 1187 1535 oblivionis
1202 1467 1373 1554 dispendia

176 1573 363 1659 frequenter
385 1575 551 1639 incurrere
573 1581 823 1656 consueverunt,
852 1594 912 1656 ego
936 1572 1144 1638 Rinhardus¹
1167 1572 1221 1637 dei
1243 1575 1373 1638 misera·

176 1678 263 1741 tione
293 1675 436 1742 decanus
467 1678 500 1741 in
523 1675 672 1743 Ohvlevb
699 1697 759 1761 per
781 1678 987 1762 presencium
1009 1678 1245 1741 continenciam
1268 1676 1372 1742 decla-

176 1802 250 1845 rare
272 1779 435 1846 modernis
458 1789 490 1845 et
513 1782 630 1846 noticie
645 1781 728 1846 duxi
742 1783 963 1846 transmittere
978 1780 1171 1864 futurorum
1194 1781 1372 1869 quodcum

176 1907 230 1951 me
259 1885 301 1950 ab
329 1884 465 1951 ecclesia
488 1884 704 1951 Ohotwicensi
728 1885 903 1952 multarum
925 1888 1104 1971 gratiarnm
1125 1885 1285 1951 beneficia
1307 1908 1372 1951 me·

176 1992 326 2056 minerim
355 1991 539 2077 percepisse
569 1993 703 2076 cupiens
733 1990 849 2055 eadem
880 1992 1005 2057 sineere
1035 1990 1221 2057 devocionis
1252 1990 1372 2056 affectu

176 2116 407 2180 recognoscere
430 2104 463 2160 et
485 2095 592 2160 anime
607 2116 680 2161 mee
694 2094 874 2160 remedium
890 2094 1117 2161 nichilominus
1132 2095 1241 2161 facere
1256 2097 1370 2181 sempi-

176 2208 316 2283 ternum,
350 2201 509 2264 vineam·
543 2221 648 2264 meam
682 2200 777 2265 sitam
810 2201 844 2264 in
879 2199 1217 2286 vapoltschiriohen
1252 2199 1372 2266 dictam

176 2302 447 2369 Gleizenuelder²
476 2312 508 2369 et
530 2326 647 2370 novem
674 2303 792 2370 solidos
815 2303 1002 2371 reddituum
1025 2306 1058 2369 in
1081 2303 1369 2391 Gothalmsperig⁸

176 2409 352 2494 empcionis
381 2406 474 2474 titulo
504 2408 547 2474 ad
576 2430 629 2473 me
659 2410 860 2495 pertinencia
888 2410 1061 2474 conventui
1089 2408 1228 2475 fratrum
1250 2410 1282 2473 in
1306 2432 1370 2474 me·

176 2521 301 2577 morata
324 2511 540 2579 Chotwicensi
567 2512 704 2578 ecclesia
734 2512 795 2579 deo
818 2511 1031 2580 militancium
1054 2512 1174 2579 donavi
1196 2524 1229 2579 et
1251 2513 1371 2579 tradidi

175 2615 270 2707 pleno
300 2617 370 2683 iure
400 2619 445 2683 ita
476 2626 596 2702 tamen,
626 2627 662 2684 ut
695 2617 855 2684 fructibus
889 2619 959 2684 sive
992 2617 1204 2705 proventibus
1238 2617 1370 2706 quibus·

175 2742 303 2807 cunque
329 2730 397 2787 tam
427 2721 586 2789 dictorum
608 2721 797 2790 reddituum
819 2745 917 2810 qnam
941 2724 1036 2788 vinee
1059 2730 1228 2808 prenotate
1250 2723 1370 2789 michi·

175 2824 347 2890 dumtaxat
374 2826 416 2890 ad
445 2826 515 2892 dies
537 2848 626 2892 meos
648 2827 849 2912 integraliter
873 2830 1047 2893 reservatis
1069 2829 1141 2914 ipsa
1162 2829 1260 2893 vinea
1282 2827 1369 2894 dein·

174 2950 249 3014 ceps
271 2928 314 2995 ad
337 2930 548 2996 infirmariam
571 2953 629 3017 pro
652 2931 874 2998 consolacione
897 2933 1136 2997 infirmancium
1156 2940 1189 2997 et
1204 2932 1283 2997 dicti
1296 2932 1369 2997 red·

174 3032 260 3099 ditus
290 3034 332 3101 ad
363 3033 526 3120 oblagium
557 3045 713 3122 perpetuo
745 3035 886 3102 debeant
917 3039 1090 3122 pertinere,
1117 3045 1153 3101 ut
1176 3035 1253 3102 dum
1276 3039 1369 3102 annis

173 3138 308 3223 singulis
331 3141 572 3206 anniversarius
596 3140 701 3206 obitus
723 3142 788 3207 mei
811 3140 880 3206 dies
903 3142 1059 3224 evenerit,
1082 3163 1156 3207 cnm
1184 3139 1369 3226 vigiliarum

173 3251 206 3307 et
238 3244 410 3311 missarum
444 3243 640 3331 sollempniis
673 3248 737 3310 mei
770 3247 927 3311 memoria
960 3245 1124 3331 exequiali
1157 3244 1264 3311 officio
1297 3268 1367 3332 per·

172 3355 289 3431 agatur
312 3359 344 3413 et
366 3351 435 3434 ipso
466 3348 519 3414 die
548 3371 608 3435 per
635 3349 739 3415 dictos
761 3349 909 3417 redditus
932 3358 965 3415 et
987 3372 1086 3416 unam
1109 3350 1277 3415 dimidiam
1300 3371 1368 3415 car·

173 3451 332 3517 raddam·
361 3454 430 3517 vini
460 3452 636 3538 oblagiario
668 3452 709 3518 de
737 3454 926 3540 supradicta
948 3456 1045 3519 vinea
1067 3455 1136 3519 sine
1158 3453 1269 3520 labore
1292 3476 1368 3541 quo·

172 3554 251 3620 libet
285 3557 515 3642 assignandam
554 3565 621 3623 tam
652 3560 827 3624 conventui
860 3559 997 3625 fratrum
1031 3581 1131 3645 quam
1164 3559 1368 3626 dominarum

171 3662 294 3747 totique
317 3661 437 3727 familie
459 3684 518 3748 per
540 3661 753 3748 oblagiarium
776 3666 955 3730 communis
975 3663 1149 3730 consolatio
1165 3674 1367 3751 preparetur.

171 3763 209 3829 In
233 3767 325 3833 ouius
347 3769 396 3833 rei
417 3768 636 3834 testimonium
660 3767 795 3834 evidens
818 3779 851 3834 et
873 3768 1033 3837 cautelam
1056 3779 1222 3856 presentes
1244 3769 1368 3835 litteras

173 3868 248 3935 dedi
278 3870 414 3937 ecclesie
437 3871 654 3938 Chotwioensi
677 3872 798 3939 domini
821 3872 972 3938 Ekhardi
993 3872 1189 3939 venerabilis
1212 3876 1367 3960 prepositi

171 3973 306 4041 ecclesie
322 3974 433 4042 Sancti
448 3976 571 4064 Ypoliti
592 3999 632 4042 ac
653 3979 776 4065 proprii
799 3977 977 4063 sigillorum
992 3979 1171 4044 munimine
1186 3977 1364 4044 roboratas.

171 4079 285 4145 Testes
316 4091 407 4147 sunt:
444 4081 620 4148 Heinricus
649 4084 739 4169 prior
768 4082 1013 4167 Ohotwioensis,
1044 4083 1213 4150 Fridricus
1244 4094 1366 4167 cantor,

171 4182 291 4250 Albero
310 4183 468 4271 plebanus
485 4185 596 4253 Sancti
611 4186 690 4272 Viti,
714 4187 929 4273 Wikhardus,
952 4187 1141 4253 Helnwious
1156 4186 1290 4270 Asinus,
1311 4185 1366 4251 Al·

171 4287 248 4354 bero
278 4289 483 4376 celerarius·
517 4291 635 4358 Petrus
662 4291 860 4378 capellanus,
894 4293 1011 4358 fratres
1044 4292 1181 4376 ibidem3
1216 4291 1367 4357 dominus

171 4431 377 4443 n*—

170 4496 234 4552 195.
273 4509 287 4535 ⁸
303 4500 335 4552 A

273 4603 283 4635 ¹
301 4605 347 4656 Νι.
361 4606 420 4657 203.
439 4632 472 4644 -
490 4603 504 4636 ¹
520 4606 617 4659 Dieser
627 4606 803 4673 weingarten
820 4607 866 4675 leg
883 4608 1017 4659 awischen
1030 4607 1292 4674 Gnmpoldskirchen
1310 4606 1365 4658 und

171 4690 269 4743 Badeo¹
289 4718 322 4730 -
340 4689 352 4722 ⁸
370 4693 540 4759 Gottlosberg
557 4694 603 4744 ein
614 4693 726 4757 Weiler,
744 4694 819 4746 0.-6.
831 4694 1001 4757 Murstetten,
1021 4695 1051 4745 V.
1066 4695 1096 4746 Ο.
1109 4695 1152 4747 W.
1165 4695 1209 4747 W.

220 4784 328 4828 Pontes.
347 4785 375 4827 11.
386 4786 453 4828 nott.
471 4786 510 4829 Bd.
521 4787 556 4828 ul.
832 4844 836 4851 ¹
847 4824 862 4855 φ,
1178 4784 1210 4832 14
