3400 5350
347 432 411 498 354

348 646 540 711 quecunque
575 624 734 689 dictarum
767 627 914 710 parcium
948 623 1031 689 hanc
1062 633 1203 687 nostram
1233 623 1538 708 pronunciaoionem

348 752 406 794 scu
436 727 638 794 amicabilem
669 730 927 815 coposicionem¹¹
957 727 1148 813 infringeret
1177 749 1235 791 seu
1264 729 1296 790 in
1326 735 1392 790 toto
1421 724 1475 790 vel
1504 727 1539 789 in

347 843 440 918 parte
470 856 533 899 non
565 842 720 916 servaret,
752 843 882 898 centum
905 842 937 897 et
965 834 1078 917 viginti
1101 831 1199 896 libras
1215 831 1460 897 Wiennensium
1484 828 1539 892 de-

348 941 510 1003 nariorum
525 940 652 1003 nomine
668 960 752 1023 pene
768 937 894 1003 solvere
910 947 1069 1020 teneatur,
1092 957 1229 1022 quarum
1245 935 1413 1019 sexginta¹
1438 932 1539 997 libras

349 1042 478 1108 domino
501 1042 611 1108 Ulrico
642 1042 767 1107 decano
798 1051 831 1107 et
861 1040 1079 1127 superarbitro
1107 1040 1251 1125 predicto
1275 1049 1346 1103 errm
1369 1039 1541 1122 sexaginta

349 1148 448 1213 libras
477 1147 683 1212 denariorum
711 1156 838 1212 monete
861 1144 1006 1232 predicte
1030 1144 1122 1210 nobis
1145 1145 1273 1209 arbitris
1296 1142 1448 1228 predictis
1471 1165 1541 1228 per·

349 1251 496 1318 solvere¹²
520 1253 606 1317 omni
629 1250 882 1316 contradictione
906 1260 939 1315 et
961 1249 1118 1314 dilacione
1141 1247 1252 1335 procul
1276 1250 1378 1312 motis.
1409 1246 1447 1311 In
1464 1268 1540 1331 quo·

349 1380 421 1422 rum
452 1358 593 1421 omnium
619 1357 835 1420 testimonium
859 1363 891 1419 et
914 1352 1139 1419 certitudinem
1163 1353 1339 1438 pleniorem
1361 1350 1463 1436 sigilla
1486 1350 1541 1413 ho·

349 1459 540 1526 norabilium
570 1459 771 1524 dominorum
802 1458 922 1524 domini
951 1458 1117 1525 Wilhelmi
1147 1457 1263 1521 decani
1292 1459 1324 1520 in
1353 1454 1540 1542 Pylchdorl,

351 1565 470 1630 domini
494 1564 610 1630 decani
632 1563 674 1628 ad
699 1563 855 1630 Sanctum
876 1562 1076 1648 Stephanum
1100 1584 1196 1648 super
1212 1561 1369 1645 Wagram
1393 1581 1540 1624 necnon

351 1672 495 1754 magistri
506 1670 594 1734 Petri
605 1667 754 1754 plebani⁰
770 1670 803 1732 in
816 1666 1082 1752 Obrechtsbergl
1097 1666 1236 1731 doctoris
1252 1665 1456 1729 decretorum
1473 1685 1542 1748 pre

350 1773 495 1839 sentibus
518 1784 592 1839 sunt
614 1794 769 1859 appensa.
814 1772 929 1837 Testes
952 1793 1044 1835 vero:
1072 1772 1226 1855 magister
1248 1769 1454 1834 Hermannus
1477 1767 1540 1852 ple-

350 1878 455 1943 banus
485 1881 517 1942 in
541 1876 956 1959 Walchundisthwrehen‚”
987 1876 1135 1940 dominus
1163 1874 1280 1939 Petrus
1314 1884 1346 1938 et
1376 1872 1542 1937 Fridricus

351 1984 429 2047 socii
452 1986 485 2047 in
507 1981 603 2047 Nelib
628 1992 659 2046 et
682 1980 735 2046 alii
758 2004 856 2068 quam
878 1980 991 2065 plure‘¹
1015 1979 1080 2043 fide
1104 1978 1200 2064 digni.
1231 1978 1351 2043 Actum
1375 1989 1407 2042 et
1430 1976 1541 2040 datum

265 2155 268 2160 ,
351 2090 384 2151 in
415 2089 506 2151 curia
534 2084 727 2173 parrochiali
757 2086 790 2149 in
812 2084 909 2149 Nelib
940 2086 973 2149 in
1002 2083 1112 2168 vigilia
1142 2092 1252 2148 sancte
1276 2082 1455 2147 Katherine
1481 2083 1543 2144 vir·

352 2194 436 2277 ginis
458 2214 544 2257 anno
567 2191 687 2256 domini
709 2189 996 2256 ΜΟΟΟΧΧΧΠ.ἵ

456 2298 499 2362 Et
528 2318 588 2380 ego
610 2294 811 2362 'Phedericus
843 2294 884 2359 de
907 2292 1093 2359 Mitiveide¹
1123 2292 1286 2377 quondam
1309 2291 1476 2357 chunradi
1500 2289 1542 2355 de

355 2400 610 2484 Franchenow,⁸
639 2400 775 2464 clericus
806 2399 1020 2463 Mizzenensis
1052 2397 1199 2480 diocesis,
1229 2399 1419 2461 auctoritate
1447 2399 1544 2481 impe

354 2504 423 2571 riali
453 2504 601 2590 publicus
632 2527 764 2590 presens
794 2507 1041 2569 instrumentum
1064 2503 1177 2587 scripsi
1199 2523 1334 2587 meoque
1358 2504 1448 2586 signo
1471 2522 1544 2565 con-

355 2619 446 2675 sueto
469 2612 594 2696 signavi
617 2619 748 2694 rogatus
770 2608 954 2696 specialiter
976 2619 1008 2673 et
1030 2617 1174 2671 vocatus.

401 2856 476 2923 378.
1163 2857 1245 2915 mss
1263 2858 1342 2913 nnn
1358 2858 1387 2922 a,
1405 2858 1499 2915 wion.

356 3049 502 3115 Dietrtct
535 3049 590 3113 der
623 3048 721 3113 ditare
749 3068 809 3111 oon
839 3045 1057 3127 Weisseaburp
1090 3045 1159 3109 aad
1188 3045 1332 3108 Dietriclr
1361 3046 1429 3109 sein
1459 3045 1547 3109 Solm

356 3154 553 3237 oerpfc'indou
574 3152 738 3233 Basilum,
769 3153 839 3216 dem
861 3151 965 3215 Sotae
992 3151 1045 3215 des
1066 3149 1363 3214 Schittseameisters
1384 3151 1420 3213 in
1443 3147 1545 3228 Wien,

356 3280 411 3322 um
440 3263 484 3325 20
506 3257 544 3322 dl.
569 3257 694 3324 Wiener
717 3265 758 3321 at.
782 3257 873 3321 ihren
895 3255 969 3337 Hof
991 3255 1039 3319 oet
1061 3253 1256 3318 Watensteia
1282 3256 1318 3318 ia
1347 3254 1404 3318 der
1426 3253 1547 3336 Pfurre

733 3360 911 3442 Kircltbery
933 3381 964 3424 a.
981 3360 1011 3425 d.
1028 3359 1167 3424 Pielswh.

462 3554 535 3620 Orig.
547 3552 601 3620 (A),
619 3553 695 3618 Perg.
709 3552 867 3617 rostflecliig.
895 3552 961 3601 Drei
979 3550 1068 3616 Siegel
1087 3566 1123 3601 an
1140 3551 1353 3617 Perg-Streilen.

463 3728 520 3793 Ich
538 3725 704 3792 Dietreich
729 3725 788 3790 der
810 3724 855 3789 alt
877 3748 940 3789 von
956 3723 1213 3790 Weizzenberch
1230 3724 1297 3789 und
1312 3724 1365 3789 ich
1381 3725 1548 3790 Dietreich

360 3835 429 3898 sein
459 3855 519 3897 suu
550 3834 608 3895 wir
638 3830 791 3896 veriehen
822 3830 890 3895 und
918 3839 976 3894 tun
1005 3828 1105 3896 chnut
1134 3828 1229 3913 allen,
1260 3829 1323 3893 deu
1351 3828 1443 3894 disen
1465 3830 1554 3915 priel

359 3937 462 4002 lesent
492 3935 570 4001 oder
600 3934 715 4000 horent
744 3934 843 4019 lesen,
868 3934 900 3999 di
924 3958 969 4000 uu
990 3934 1101 3999 labent
1122 3933 1190 3999 und
1213 3934 1357 3999 hernach
1382 3934 1548 3999 chunltich

360 4162 423 4217 377.
464 4163 526 4215 ΙΙΒ.
544 4169 608 4214 statt
626 4165 836 4228 conrposicionem,
860 4189 894 4200 -
916 4162 971 4212 1Β.
991 4167 1056 4213 statt
1072 4164 1213 4228 sexaginta.
1241 4188 1273 4199 -
1301 4172 1320 4195 ¹¹¹
1338 4162 1368 4211 B.
1386 4167 1451 4213 statt
1467 4168 1498 4212 et.
1518 4190 1550 4200 -

360 4262 373 4285 ¹¹
391 4253 422 4303 B.
441 4257 505 4303 statt
520 4252 680 4317 persolveret.
699 4278 731 4288 -
750 4261 762 4284 ⁰
781 4252 810 4301 B.
824 4250 902 4317 plbm'
919 4250 989 4300 ohne
1007 4250 1240 4314 Kttraungsstrich.
1264 4276 1294 4285 -
1319 4259 1331 4290 Ρ
1350 4250 1380 4298 Β.
1397 4255 1462 4300 ststt
1483 4249 1550 4300 Wal-

360 4338 595 4390 clandestinum.
619 4367 650 4375 -
674 4348 688 4380 a
705 4339 728 4388 B
745 4342 810 4388 statt
824 4338 922 4402 plara.
942 4365 975 4373 —
994 4347 1005 4369 ³
1022 4338 1052 4387 B.
1071 4342 1136 4387 statt
1154 4335 1282 4386 Mr'tweide'

465 4458 662 4526 ‘Obritzberg
681 4460 755 4511 u-B.
769 4459 987 4526 Herzogenburg,
1006 4460 1038 4509 V.
1051 4459 1083 4508 Ο.
1097 4458 1139 4507 W.
1153 4458 1195 4508 W.
1223 4486 1255 4494 -
1284 4456 1341 4508 τΒ.
1362 4457 1451 4509 XXX.
1486 4459 1551 4510 Dies

361 4549 396 4598 ist
413 4549 461 4598 aul
477 4550 521 4598 ein
534 4548 671 4599 Versehen
690 4547 737 4597 des
755 4547 882 4612 copisten
901 4546 1143 4607 zuriickzuftthren,
1166 4545 1281 4596 welcher
1299 4546 1346 4595 das
1364 4545 1489 4596 XXXII0
1511 4546 1552 4597 als

363 4635 478 4685 ΧΧΧΜ
502 4635 548 4685 las.
586 4663 618 4671 -
655 4635 667 4664 ⁸
689 4635 884 4685 tlt-Mitweioa
907 4634 962 4685 und
985 4634 1146 4685 Frankenau
1170 4635 1205 4682 im
1225 4633 1411 4684 Kreisbezirke
1429 4633 1552 4699 Leipzig,

363 4721 523 4786 Konigreich
543 4721 669 4771 Saebsen.
