3400 5350
366 367 408 433 80

365 582 451 646 pena
473 567 663 644 pretaxatas
686 559 823 643 pecunie
845 557 981 622 firmiter
1003 566 1180 622 statuentes
1208 555 1388 622 observari:
1418 557 1559 641 primum

365 673 402 729 ut
431 662 492 728 sibi
518 663 560 726 ad
583 663 723 728 invicem
746 682 916 727 rancorem
939 660 1146 745 dimitterent,
1177 663 1232 747 qui
1254 683 1297 726 ex
1320 660 1436 726 eadem
1458 683 1558 725 causa

365 767 539 833 videbatur
567 770 652 831 inter
681 788 735 830 eos
765 775 854 831 ortus
887 767 998 850 firisse,
1032 776 1064 831 et
1096 768 1266 852 possessio,
1300 787 1357 852 pro
1391 789 1455 852 qua
1488 787 1558 830 ver-

365 872 495 938 tebatur
529 873 757 955 controversia,
793 871 930 948 ecclesie
960 871 1179 935 Kotewicensi
1212 873 1245 936 in
1275 873 1344 935 iure
1375 877 1559 934 remaneret

366 986 522 1064 perpetue
563 977 767 1061 proprietatis
805 985 838 1040 et
874 973 978 1039 abbas
1014 974 1222 1039 Medlioensis
1259 996 1317 1039 suo
1354 984 1387 1039 et
1422 973 1559 1038 fratrum

367 1103 498 1145 suorum
528 1081 656 1145 nomine
689 1089 756 1144 tam
791 1078 896 1144 eidem
930 1080 1123 1166 possessioni
1158 1101 1255 1165 quam
1288 1079 1456 1166 privilegio
1489 1101 1558 1165 pre·

367 1187 535 1250 memorati
567 1184 713 1249 Heinrici
746 1184 947 1270 imperatoris
981 1182 1108 1269 publice
1142 1185 1175 1247 in
1208 1206 1323 1248 manus
1356 1193 1482 1248 nostras
1512 1204 1559 1247 re

366 1291 530 1353 nuntiaret
563 1287 623 1351 sub
657 1310 742 1373 pena
776 1297 948 1373 pretaxata
978 1289 1203 1374 precipientes,
1239 1298 1273 1352 ut
1304 1287 1392 1353 nulla
1421 1286 1559 1373 amplius

366 1392 442 1457 inde
466 1394 589 1477 questio
613 1415 656 1456 ex
679 1401 770 1477 parte
793 1391 1003 1457 Medlioensis
1026 1390 1152 1457 abbatis
1175 1401 1369 1476 moveretur,
1400 1400 1434 1456 et
1455 1390 1560 1456 abbas

367 1497 581 1561 Kotwicensis
612 1505 643 1561 et
673 1496 810 1561 ecclesia
840 1518 901 1561 sua
930 1496 1067 1561 ecclesie
1095 1496 1286 1561 Medlioensi
1308 1496 1410 1561 XXX
1438 1494 1561 1560 talenta

367 1601 567 1687 persolveret
597 1610 629 1664 et
651 1600 774 1665 reditus
796 1603 892 1664 unius
914 1599 1025 1665 talenti
1047 1603 1080 1664 in
1103 1623 1203 1665 censu
1226 1622 1332 1665 annuo
1355 1623 1413 1687 pro
1436 1599 1560 1664 eisdem

367 1705 495 1770 talentis
525 1704 684 1791 obligaret
713 1707 758 1770 ita
780 1713 899 1788 tamen,
929 1715 965 1769 ut
987 1703 1105 1769 utilitas
1128 1704 1170 1769 de
1192 1704 1304 1791 predio
1327 1704 1467 1790 obligato
1491 1727 1560 1790 pre

367 1811 501 1874 veniens
524 1808 657 1893 singulis
680 1812 772 1874 annis
794 1811 825 1873 in
851 1832 1008 1874 summam
1031 1808 1166 1895 predicti
1191 1810 1290 1875 debiti
1310 1819 1559 1894 computaretur,

370 1913 473 1978 donec
494 1914 583 1979 idem
606 1913 752 1979 debitum
774 1922 861 1978 esset
882 1914 1022 1978 totaliter
1043 1913 1251 1999 persolutum.
1297 1914 1451 1979 Preterea
1477 1913 1561 1978 arbi-

369 2021 443 2083 trati
473 2040 593 2098 sumus,
624 2028 660 2083 ut
689 2017 750 2083 boc
773 2021 880 2104 ipsum
902 2018 1069 2083 arbitrium
1093 2020 1212 2105 scripto
1236 2018 1496 2083 commendatum
1518 2016 1561 2082 ad

369 2126 561 2208 peticionem
583 2122 712 2187 abbatis
736 2122 944 2187 Medlioensis
967 2124 1080 2208 suique
1104 2135 1281 2187 conventus
1304 2123 1414 2208 sim‘llis
1441 2123 1561 2187 domini

368 2227 570 2292 Pataviensis
594 2226 760 2312 episcopi'
783 2237 814 2292 et
837 2225 957 2291 domini
981 2225 1073 2291 ducis
1096 2227 1351 2292 confirmaretur.
1397 2225 1466 2293 Sub
1490 2247 1561 2312 pre·

371 2330 458 2395 dicta
479 2333 588 2416 itaque
610 2330 713 2395 forma
735 2333 977 2417 pronuntiatum
998 2330 1167 2395 arbitrium
1190 2332 1275 2394 omni
1297 2339 1419 2395 remoto
1440 2339 1562 2394 contra-

372 2435 519 2499 dictionis
549 2433 714 2500 obstaculo
744 2457 820 2521 pars
850 2445 987 2520 utraque
1017 2437 1140 2521 recepit
1170 2445 1202 2499 et
1232 2434 1347 2499 eadem
1374 2434 1427 2498 die
1449 2433 1562 2498 Medli-

372 2541 477 2603 oensis
504 2538 607 2604 abbas
634 2538 676 2603 ad
704 2538 857 2604 abbatem
880 2539 1120 2603 Kotwicensem
1146 2538 1307 2604 accedens
1330 2560 1406 2603 cum
1427 2560 1563 2602 assensu

370 2644 517 2721 fratrum,
551 2646 605 2731 qui
639 2666 749 2709 secum
782 2643 929 2727 aderant,
964 2653 1028 2709 ex'
1062 2652 1153 2729 parte
1188 2647 1290 2709 tocius
1321 2653 1500 2709 conventus
1529 2644 1562 2707 in

371 2760 480 2814 nostra
502 2752 664 2836 presentia
686 2748 832 2835 predicto
856 2748 964 2815 debito
984 2749 1084 2813 XXX
1100 2748 1291 2814 talentorum
1314 2760 1346 2814 et
1368 2748 1562 2834 obligationi,

372 2875 435 2939 que
465 2875 522 2939 pro
552 2852 698 2918 hisdem¹
733 2853 821 2918 facta
850 2854 966 2938 fuerat,
997 2852 1161 2918 voluntate
1194 2855 1325 2940 propria
1357 2855 1563 2918 renuntiavit.

371 2956 457 3022 Acta
483 2965 558 3021 sunt
584 2956 645 3021 hec
673 2956 838 3023 Orbemis¹
871 2979 955 3022 anno
984 2959 1211 3022 incarnationis
1246 2955 1366 3021 domini
1398 2956 1565 3022 millesimo

372 3060 592 3126 ducentesimo
615 3064 761 3147 septimo,
793 3060 967 3127 indictione
991 3060 1128 3146 decima,
1151 3062 1356 3147 pontificatus
1378 3060 1565 3125 Innocencii

370 3187 456 3251 pape
484 3187 569 3229 anno
599 3164 735 3248 decimo,
766 3175 924 3250 regnante
951 3188 1028 3250 rege
1051 3164 1223 3252 Phylippo,
1246 3164 1431 3250 presidente
1454 3164 1565 3228 Mane·

372 3267 468 3353 goldo
498 3267 698 3332 Pataviensis
729 3267 866 3332 ecclesie
897 3271 1058 3355 episcopo,
1089 3267 1292 3353 presentibus
1321 3270 1403 3332 istis:
1439 3267 1565 3332 Tutone

371 3374 403 3436 in
429 3370 640 3456 Heimpurch,
664 3371 808 3436 Arnoldo
838 3375 873 3436 in
903 3372 1022 3438 Sancta
1052 3372 1244 3455 Petronella‚
1275 3371 1428 3457 Pilgrimo
1455 3373 1488 3435 in
1511 3371 1565 3436 Al·

372 3474 613 3561 brehtesperge,
643 3476 798 3540 Heinrico
827 3478 860 3540 in
884 3476 1004 3560 Wlten,
1028 3475 1146 3541 Sitrido
1168 3479 1201 3541 in
1223 3475 1389 3559 Mvtbarn,
1412 3476 1565 3540 Heinrico

372 3581 406 3643 in
428 3578 586 3644 Ohdlivbe
617 3578 772 3665 plebanis,
806 3579 984 3662 Gotefm'do,
1015 3580 1215 3667 Engilberto,
1247 3578 1446 3645 Ohunrado⁸
1475 3579 1566 3644 laicis

373 3691 406 3747 et
427 3681 496 3747 aliis
519 3705 616 3770 quam
639 3682 794 3769 pluribus.

475 3894 497 3943 1.
516 3892 542 3945 8,
559 3893 584 3944 d.
601 3894 725 3959 Propstes
742 3911 767 3945 v.
784 3894 821 3945 et.
835 3894 939 3956 Polten,
962 3893 1038 3956 rund,
1061 3894 1213 3961 ungefdrbt,
1235 3893 1401 3956 undeutlich,
1423 3909 1459 3945 an
1481 3894 1567 3944 Huni·

373 3979 479 4031 schnur.
516 4007 548 4016 -
584 3980 618 4030 11.
645 3980 670 4031 S.
690 3981 714 4032 d.
733 3980 816 4033 Abtos
840 3999 866 4032 v.
885 3981 981 4033 Zwettl
1005 3996 1041 4032 an
1059 3982 1240 4045 Haniscbnur,
1264 3979 1569 4048 spitsoval,ungei1rbt

374 4064 500 4134 (46:84),
522 4067 563 4118 111
580 4067 602 4117 Α
621 4069 636 4117 2
654 4082 677 4118 a.
714 4069 785 4120 Eine
809 4069 939 4120 stehende
962 4069 1074 4133 Gestalt,
1097 4069 1145 4120 das
1166 4069 1304 4120 Pastorale
1326 4070 1354 4120 in
1382 4069 1430 4120 der
1456 4069 1567 4121 rechten

374 4324 423 4380 el.
479 4330 564 4379 ‘Das
581 4329 707 4396 folgende
721 4337 799 4395 parte
819 4333 898 4381 terim
921 4336 1054 4381 cenom
1076 4331 1126 4381 aui
1140 4331 1235 4382 Rasur.
1266 4358 1299 4369 -
1329 4331 1386 4381 fd.
1417 4357 1451 4368 -
1481 4331 1568 4381 ‘Das

373 4415 512 4481 Folgeude
529 4417 564 4466 ist
580 4417 610 4466 in
628 4416 863 4483 langgestreclrten
881 4418 1148 4469 Uncialbuchstaben
1165 4419 1350 4485 gescbrieben.

375 4551 515 4605 ’Bischoi
533 4555 678 4622 Manegold
700 4572 753 4607 von
775 4558 846 4624 Berg
871 4558 938 4608 1206
957 4584 990 4594 -
1008 4557 1025 4623 †
1046 4559 1112 4608 1215
1129 4558 1197 4609 Jnni
1209 4559 1234 4621 9,
1258 4573 1314 4609 war
1330 4557 1423 4609 frllber
1440 4557 1496 4608 Abt
1513 4573 1566 4607 von

376 4641 591 4694 Kromsmttnster
609 4641 718 4710 (Eubel,
736 4644 876 4695 Hierarch.
889 4644 986 4696 cathol.
999 4642 1070 4712 411).
