3400 5350
378 420 421 488 20

378 614 439 679 illis
461 616 694 700 competentius
715 615 823 679 visum
846 622 906 699 est,
928 616 1156 701 transpositum
1179 636 1263 679 enno
1285 613 1328 679 ab
1351 614 1571 679 incarnatione

380 715 500 782 domini
529 718 697 783 millesimo
726 718 837 785 XCVI
868 718 983 783 eodem
1014 719 1076 803 die,
1107 742 1170 806 quo
1202 728 1234 784 et
1260 722 1348 806 prius
1370 718 1477 783 fuerat
1499 740 1570 783 eon·

380 831 542 886 secretum
565 821 724 888 dedicavi.
760 822 827 889 Sed
854 831 887 887 et
916 825 1032 907 omnia,
1063 845 1126 910 que
1156 823 1281 888 isdem*
1308 823 1393 900 bone
1419 825 1571 900 memorie

377 925 590 1010 predecessor
611 949 703 993 meus
719 950 762 992 ex
777 926 936 993 reditibus
958 930 1023 992 suis
1046 930 1078 992 in
1094 928 1224 1013 prediis,
1239 927 1418 1011 benefieiis,
1434 927 1571 992 decima·

377 1030 516 1096 tionibus
539 1040 572 1096 et
593 1034 695 1097 vineis
718 1031 761 1096 ad
783 1031 871 1097 idem
894 1032 995 1097 altare
1022 1032 1213 1115 tradiderat,
1241 1032 1302 1097 sub
1329 1034 1493 1118 presentia
1519 1030 1571 1096 ad·

377 1138 482 1200 vocati
504 1138 604 1221 ipsius
628 1136 687 1201 loci
711 1109 856 1202 ddalrici
880 1145 913 1200 et
934 1146 1011 1202 tune
1033 1135 1191 1202 adstantis
1214 1136 1350 1214 ecclesie
1379 1137 1569 1218 testimonio,

377 1239 551 1325 episcopali
573 1239 682 1305 banno
705 1250 737 1305 et
759 1240 979 1317 ecclesiastica
1001 1243 1192 1306 auctoritate
1208 1240 1396 1305 confirmavi
1419 1239 1571 1305 trabibus

375 1345 409 1408 in
436 1343 498 1408 hoc
524 1344 595 1409 loeo
623 1344 675 1409 dei
702 1347 850 1432 genitrici
878 1345 1091 1411 servientibus
1122 1347 1154 1410 in
1186 1367 1289 1410 usum.
1329 1353 1391 1423 Hec
1413 1359 1482 1409 sunt
1505 1371 1571 1426 ergo

374 1456 484 1537 predia,
500 1474 557 1528 que
572 1448 673 1513 felicis
689 1451 842 1529 memorie
855 1448 1047 1514 Altmsnnus
1070 1450 1271 1515 Pataviensie
1288 1451 1459 1535 episcopus
1473 1470 1572 1535 super

375 1551 475 1617 altare
498 1563 608 1629 sancte
624 1553 727 1630 Muris
742 1552 885 1638 tradidit,
908 1574 972 1641 que
992 1563 1024 1618 et
1039 1576 1099 1639 ego
1115 1526 1287 1619 (idatricus
1303 1552 1356 1617 dei
1371 1555 1476 1637 gretia
1493 1555 1571 1617 eius-

376 1655 450 1720 dem
476 1655 562 1721 sedis
584 1659 728 1723 minister
752 1656 905 1743 indignus
929 1657 970 1721 ob
990 1657 1175 1723 mercedem
1194 1666 1305 1735 eterne
1328 1659 1393 1734 vite
1416 1658 1571 1722 canonica

375 1763 563 1827 auctoritate
579 1771 612 1826 et
626 1770 714 1843 sigilli
729 1770 785 1826 mei
799 1771 977 1842 inpressione
999 1772 1029 1826 in
1045 1777 1214 1843 perpetuum
1230 1770 1372 1826 stabilivi:
1392 1769 1571 1841 parrochiam

375 1876 513 1931 Muttarin
527 1891 600 1933 cum
614 1868 739 1955 capella
752 1878 785 1933 et
798 1868 872 1934 dote
885 1877 917 1933 et
933 1895 996 1932 cum
1012 1877 1143 1931 omnibus
1152 1875 1332 1948 appendiciis
1346 1875 1416 1946 suis,
1432 1874 1570 1946 excepto⁶

374 1986 456 2052 porte
468 1981 674 2053 decimationis,
691 1998 748 2053 qne
760 1983 887 2053 pertinet
901 1983 937 2036 ad
951 1980 1087 2036 Sanctum
1100 1972 1286 2051 Nicolaum*
1299 1979 1479 2052 parrochiam
1490 1978 1572 2033 Muli·

374 2084 458 2156 bach,
469 2076 558 2139 cnm*
571 2086 749 2157 appendiciis
760 2081 852 2156 suis,*
864 2085 1043 2157 parrochiam
1057 2085 1200 2140 Pirchaha
1211 2103 1275 2139 cum
1285 2076 1302 2114 *
1314 2082 1570 2156 appendiciorum,

374 2181 721 2261 parrochiamwhuliub,
730 2202 793 2267 que
801 2190 851 2246 est
859 2190 1043 2246 constructa
1051 2183 1213 2265 inmenso,
1222 2202 1319 2266 quem
1327 2178 1462 2244 Richiza
1470 2177 1570 2261 dedit,

374 2284 417 2349 ed
426 2306 524 2370 quam
533 2284 779 2350 decimationem
787 2287 971 2351 terminavit
978 2286 1162 2350 Houistetin
1171 2294 1203 2350 et
1211 2282 1398 2349 Mauraba.“
1412 2290 1458 2346 Ad
1467 2291 1571 2346 Mutta-

374 2398 418 2452 rin
428 2399 571 2452 Arilinum
579 2398 703 2453 etalium
715 2396 869 2470 Azilinum,
882 2398 1092 2453 Gemmundum
1100 2415 1164 2453 cum
1172 2396 1320 2453 benefieiis
1328 2397 1397 2466 suis,
1407 2395 1515 2451 ibidem
1524 2395 1571 2451 be·

373 2500 509 2557 neficium
518 2502 645 2557 Ehlririci
657 2520 721 2557 eum
730 2503 880 2573 mancipiis
888 2502 1060 2557 utomnibns
1068 2502 1246 2573 appendiciis
1256 2502 1315 2556 suis
1327 2506 1443 2572 excepto
1451 2500 1571 2555 dimidio

374 2624 483 2678 manso,
500 2607 631 2661 Brunnin
647 2607 683 2662 de
697 2605 836 2661 beneficio
853 2607 978 2662 eiusdem
994 2606 1122 2661 Ekkirici
1138 2625 1202 2662 cum
1222 2606 1375 2679 mancipiis
1390 2611 1419 2661 et
1438 2604 1570 2660 omnibns

373 2712 551 2783 appendiciis
559 2712 628 2783 suis,
642 2711 823 2767 Huntisheim
833 2710 1008 2767 Rddwinum
1019 2729 1083 2766 cum
1095 2711 1242 2767 beneficiis
1250 2711 1320 2782 suis,
1331 2709 1569 2783 Obellirgnsnnin

372 2817 486 2875 vineam
497 2815 512 2870 1
525 2834 589 2871 cum
604 2816 727 2873 vinitore
738 2822 768 2871 et
778 2816 911 2870 omnibus
922 2816 1101 2887 appendiciis
1116 2817 1183 2886 suis,
1196 2814 1402 2870 Rdtkerisdorf
1412 2815 1511 2871 vineas
1523 2814 1569 2868 ΙΙΙ

372 2927 403 2976 et
422 2921 570 2980 dimidiam
588 2939 653 2975 cum
673 2920 795 2977 vinitore
818 2926 847 2976 et
867 2920 998 2976 omnibus
1018 2917 1198 2991 appendiciis
1218 2920 1286 2989 suis,
1308 2920 1405 2976 villum
1421 2919 1506 2973 Palta
1526 2937 1570 2973 er·

373 3031 455 3098 cepto
475 3042 575 3080 manso
590 3025 614 3096 1,
635 3024 822 3097 Horginbacb
842 3030 958 3098 excepto
978 3042 1078 3079 manso
1099 3024 1113 3078 I
1133 3042 1197 3078 cum
1217 3023 1368 3095 mancipiis
1388 3028 1418 3078 et
1437 3023 1570 3078 omnibns

372 3129 550 3201 appendiciis
565 3129 634 3199 suis,
650 3128 777 3183 Talaran
793 3147 858 3183 cnm
873 3128 966 3185 vineis
977 3134 1007 3183 et
1022 3128 1192 3185 vinitoribus
1205 3133 1235 3183 et
1246 3128 1378 3183 omnibus
1390 3127 1569 3199 appendiciis

372 3235 440 3304 suis,
458 3232 552 3289 Uurta
563 3250 628 3287 curn
640 3232 790 3304 mancipiis
802 3232 970 3287 etomnibus
986 3232 1164 3306 appendiciis
1175 3232 1234 3287 suis
1246 3237 1275 3286 et
1286 3231 1369 3302 silva,
1385 3248 1442 3303 que
1455 3231 1569 3286 adiacet

373 3337 471 3407 monti,
488 3333 570 3392 cuius
585 3338 723 3392 terminus
738 3342 782 3391 est
796 3337 875 3394 rivus
889 3336 975 3391 Palta
990 3354 1101 3392 sursum
1116 3354 1206 3408 usque
1222 3336 1252 3390 in
1264 3334 1498 3406 (ibrumbilbach,
1519 3336 1577 3390 ah.

372 3442 439 3497 hinc
446 3458 537 3513 usque
545 3441 581 3495 ad
590 3439 745 3496 confinium
755 3441 965 3514 salzburgensis
973 3442 1064 3513 predii
1073 3447 1103 3497 et
1110 3440 1293 3510 marchionis,
1302 3438 1496 3496 Ghrueistetin
1504 3458 1568 3495 cum

372 3547 465 3604 vineis
480 3546 652 3603 vinitoribus
667 3551 696 3601 et
711 3545 843 3600 omnibus
859 3547 1037 3618 appendiciis
1054 3538 1149 3616 suis,*
1166 3544 1324 3600 Echindorf
1336 3563 1399 3599 cum
1417 3544 1568 3616 mancipiis

374 3657 404 3707 et
425 3650 558 3707 omnibus
580 3650 759 3723 appendiciis
782 3651 855 3721 suls,
882 3650 1108 3706 Pumannisdorf
1128 3668 1193 3705 cum
1219 3650 1370 3721 mancipiis
1389 3655 1418 3704 et
1436 3649 1570 3705 omnibus

373 3753 550 3827 appendiciis
572 3755 641 3826 suis,
665 3754 795 3810 Nuzdori
815 3754 915 3812 vineas
937 3753 994 3826 ΙΙΙ,
1020 3753 1182 3810 Anaindorf
1201 3752 1571 3824 vineasll,1mizinisdorf

372 3859 486 3915 vineam
508 3858 533 3929 Ι,
556 3858 755 3913 Ratoldisdorf
774 3877 838 3913 eum
857 3859 989 3914 omnibus
1009 3857 1187 3930 appendiciis
1202 3859 1271 3929 suis,
1286 3858 1323 3912 ad
1339 3856 1476 3912 Sanctum
1492 3855 1568 3929 Ypo·

371 3963 454 4018 litum
476 3969 586 4034 partem
609 3963 806 4019 decimationis
828 3970 858 4019 et
880 3964 1043 4019 mansumI
1066 3982 1130 4018 eum
1153 3962 1286 4018 omnibus
1300 3961 1479 4034 appendiciis
1497 3962 1567 4030 suis,

372 4073 401 4122 et
416 4068 446 4122 in
465 4069 523 4123 alia
537 4069 600 4140 ripa
615 4068 738 4124 Treisim
750 4087 848 4126 versus
865 4069 1002 4142 Wagrein
1022 4068 1214 4124 molendinum
1230 4084 1295 4123 cnm
1314 4067 1492 4139 appendiciis
1508 4067 1567 4122 suis
1636 4091 1641 4098 ·

371 4179 401 4227 et
415 4172 446 4226 II
466 4173 530 4228 loca
546 4172 711 4243 molendini,
727 4172 956 4228 Staudrstisdorf
973 4191 1102 4229 mansum
1118 4173 1142 4240 Ι,
1162 4171 1339 4229 Peehsutilin
1354 4190 1419 4227 cum
1434 4172 1568 4227 omnibus

372 4277 550 4350 appendiciis
569 4277 638 4346 suis,
659 4276 842 4349 Scanwingin
858 4294 922 4332 cum
943 4278 1093 4350 mancipiis
1113 4284 1142 4333 et
1156 4278 1287 4333 omnibus
1302 4276 1481 4349 appendiciis
1497 4278 1566 4347 suis,

372 4381 557 4436 Blindindorf
569 4399 699 4436 mansum
719 4380 744 4450 Ι,
756 4381 964 4436 Piscolnisdori
973 4400 1086 4437 mansos
1102 4381 1176 4452 ΙΙΙΙ,
1188 4382 1343 4437 Houbercb
1355 4399 1419 4436 cum
1434 4381 1567 4437 omnibus

372 4486 550 4557 appendiciis
572 4486 632 4541 suis
654 4490 684 4540 et
705 4485 845 4557 quidquid
867 4486 942 4541 inter
964 4486 1035 4541 duas
1054 4486 1229 4543 Persnikhus
1244 4486 1351 4542 cultum
1374 4491 1403 4541 et
1424 4486 1565 4541 incultum

372 4698 418 4754 10.
474 4704 488 4735 ¹²
505 4703 536 4752 A.
556 4731 588 4741 -
607 4713 617 4737 ⁰
636 4703 666 4753 Α.
680 4707 744 4753 statt
761 4709 873 4767 eccepto.
893 4732 924 4740 -
944 4704 958 4737 ἃ
980 4704 1011 4754 Α.
1030 4704 1163 4754 Maarctho
1180 4705 1229 4754 mit
1246 4703 1354 4754 Accent.
