3400 5350
369 391 431 456 164

470 581 605 634 ntaibuuo
626 581 673 630 res
699 581 811 647 naues
836 579 965 631 nicolaus
991 579 1048 639 111,
1075 577 1296 644 spoeuunmpo
1324 577 1415 643 (as-a),
1443 577 1559 627 unman-

366 669 479 735 sumpu
497 666 562 736 (aa).
600 667 737 718 nausa:
765 665 951 733 mocinius
966 666 971 730 ι
987 645 1030 717 rh
1046 674 1052 720 ε
1068 666 1129 723 um

411 929 489 996 162.
986 930 1070 988 tara
1085 931 1167 1004 April
1183 930 1234 995 28.
1252 931 1516 1004 Klostonenburg.

365 1123 482 1204 Propst
511 1121 601 1185 Pubo
633 1120 701 1184 aad
730 1120 785 1184 der
817 1117 954 1184 Ooooent
983 1138 1043 1181 ooo
1072 1116 1342 1199 Klosterrteuburp
1374 1117 1562 1200 bbotropen

365 1227 436 1291 dem
458 1225 580 1290 Noturo
606 1223 757 1290 Gebhard
782 1224 833 1287 eiu
859 1222 938 1287 Joob
961 1221 1165 1304 Weioporten
1189 1227 1330 1304 pendunt
1352 1220 1563 1304 Weiuprabeu

415 1352 457 1395 au
479 1329 650 1413 Berpreobt
671 1330 708 1393 io
730 1326 893 1409 Erbpacbt
915 1330 1009 1391 uota
1031 1324 1245 1408 angepebeueu
1267 1325 1506 1408 Badiopuuyeu.

470 1521 543 1587 Orig.
562 1521 616 1587 (A),
639 1521 715 1586 Perg.
733 1519 932 1585 lanchtflechig.
968 1519 1040 1568 Zwei
1064 1517 1153 1584 Siegel
1176 1533 1211 1568 an
1234 1516 1452 1583 Perg.·8treifen;
1477 1517 1563 1584 Copia

365 1612 394 1661 in
412 1609 463 1660 Cf.
476 1605 521 1659 81'
540 1608 592 1676 (Β).

470 1730 575 1790 Rarus,
595 1730 645 1779 327
662 1744 701 1779 nr.
715 1729 748 1778 69
766 1741 814 1778 aus
833 1728 864 1778 B.

467 1902 535 1968 Nos
557 1900 649 1966 Pabo
672 1899 725 1965 dci
739 1901 852 1986 gracia
866 1900 1045 1985 prepositus
1060 1906 1208 1984 totusque
1225 1907 1403 1963 conventus
1419 1900 1557 1965 ecclesio

364 2006 644 2091 Nevmburgensis
666 2004 708 2070 ad
724 2005 876 2069 noticiam
892 2001 1089 2087 singulorum
1104 2001 1189 2066 hauc
1204 2001 1343 2066 litteram
1358 2005 1557 2070 intuencium

366 2112 512 2197 cupimus
535 2110 715 2196 pervenire,
738 2106 826 2195 quod
849 2107 891 2171 de
913 2107 1009 2170 vinea
1032 2105 1282 2190 Weingraweu¹
1305 2116 1492 2194 nuncupata
1515 2108 1559 2172 ad

365 2214 521 2300 hospitale
544 2222 689 2278 nostrum
712 2213 892 2298 pertinente
916 2208 1095 2275 defectibus
1118 2208 1400 2294 inpellentibusin
1431 2212 1560 2277 cultura

365 2318 515 2404 neglecta
537 2316 631 2401 adeo,
647 2315 734 2403 quod
751 2314 854 2380 nullos
869 2315 1030 2401 potuimus
1049 2313 1173 2378 fructus
1188 2316 1357 2400 percipere
1374 2337 1416 2379 ex
1433 2316 1561 2400 eadem,

365 2425 435 2488 viro
459 2422 598 2486 discreto
621 2420 749 2485 domino
774 2416 951 2484 Gebhardo
981 2419 1103 2483 notario
1130 2427 1162 2481 et
1192 2420 1257 2483 suis
1287 2417 1463 2485 heredibus
1495 2424 1562 2485 uni-

365 2528 469 2592 versis
491 2525 534 2591 ad
561 2527 661 2611 ipsius
690 2545 806 2610 preces
837 2544 937 2588 unum
966 2524 1059 2606 iuger
1089 2543 1126 2585 co
1156 2523 1235 2606 iure,
1267 2521 1353 2608 quod
1383 2523 1564 2608 vulgariter

365 2629 540 2718 perchreht
561 2627 688 2713 dieitur,
719 2626 910 2694 donavimus
940 2635 1096 2713 perpetuo
1127 2625 1357 2712 possidendum
1387 2630 1441 2713 ita,
1474 2629 1562 2715 quod

366 2736 453 2801 idem
477 2733 702 2821 G(ebhardus)
717 2730 892 2816 vendendi,
908 2729 1072 2816 obligandi
1095 2741 1127 2795 et
1142 2731 1382 2816 quomodolibet
1395 2732 1563 2800 alienandi

365 2839 495 2927 plenam
517 2838 638 2903 habeat
659 2836 844 2902 facultatem
860 2834 910 2900 his
925 2845 1032 2900 tamen
1050 2834 1290 2900 condicionibus
1313 2858 1377 2901 non
1399 2837 1562 2923 obmissis,

366 2943 452 3031 quod
485 2966 506 3007 a
534 2942 617 3007 festo
647 2940 734 3006 beati
757 2937 949 3004 Michahelis
981 2938 1088 3003 futuro
1117 2941 1264 3024 proxime
1298 2950 1435 3026 quatuor
1468 2946 1564 3007 annis

366 3048 524 3111 continuis
546 3044 752 3111 transvolutis
776 3042 921 3129 predicto
944 3041 1093 3129 hospitali
1121 3052 1192 3108 octo
1222 3066 1302 3108 urne
1331 3047 1398 3109 vini
1429 3048 1561 3112 nomine

364 3153 442 3216 iuris
465 3150 609 3215 montani
638 3158 671 3213 et
700 3169 758 3233 pro
789 3146 917 3211 decima
938 3148 1030 3211 annis
1053 3147 1186 3232 singulis
1209 3149 1241 3213 in
1271 3157 1466 3235 perpetuum
1497 3173 1561 3216 ser

365 3256 502 3319 riantur.
540 3252 585 3317 At
607 3254 634 3317 si
655 3271 857 3338 possessores
880 3249 1061 3315 huiusmodi
1082 3253 1177 3317 vinee
1199 3251 1295 3317 finitis
1311 3255 1414 3337 annis,
1439 3255 1559 3340 quibus

364 3366 484 3422 vacant
505 3357 651 3439 servicio,
675 3364 845 3441 postquam
874 3356 997 3419 servire
1024 3356 1178 3441 ceperint,
1203 3354 1357 3443 deinceps
1386 3379 1446 3443 per
1478 3358 1559 3424 duos

364 3463 476 3526 vinum
497 3461 696 3525 nominatum
717 3457 941 3544 hospitalariis,
957 3460 1011 3545 qui
1026 3480 1085 3545 pro
1101 3468 1244 3546 tempore
1259 3460 1388 3545 fuerint,
1404 3462 1558 3548 neglext*

363 3567 428 3629 rint
450 3563 615 3647 exhibere,
644 3586 687 3628 ex
713 3572 790 3628 tunc
819 3565 891 3649 ipsa
912 3564 1008 3626 vinea
1029 3562 1072 3627 ad
1099 3562 1299 3648 sepedictum
1318 3563 1477 3651 hospitale
1493 3569 1557 3653 qui·

363 3667 505 3733 buslibet
527 3667 832 3733 contradictionibus
856 3676 888 3731 et
918 3666 1138 3731 occasionibus
1161 3669 1342 3754 postpositis
1371 3668 1474 3735 libere
1506 3670 1557 3735 de

362 3770 511 3838 volvatur
541 3781 574 3837 et
605 3773 765 3858 pertineat
797 3773 882 3836 omni
915 3772 984 3835 iure
1020 3770 1114 3835 nullis
1151 3773 1387 3856 possessoribus
1421 3777 1555 3840 servatis

363 3875 565 3962 regressibus
592 3874 634 3939 ad
666 3874 813 3940 eandem.
852 3875 897 3940 Ut
918 3883 1026 3939 autem
1048 3873 1195 3960 predicta
1217 3874 1372 3941 donacio·
1401 3890 1556 3965 perpetuo

364 3991 493 4047 maneat
525 3979 723 4065 inconvulsa,
758 3988 941 4065 presentem
978 3982 1131 4065 paginam
1168 3988 1349 4046 nostrorum
1381 3981 1554 4068 sigillorum

363 4086 538 4150 munimine
560 4084 744 4150 roboratam
766 4083 892 4169 prefato
908 4082 1114 4170 Gtebhardo)
1137 4092 1170 4148 ct
1185 4086 1251 4148 suis
1266 4084 1442 4150 heredibus
1466 4086 1554 4151 duxi-

364 4210 434 4254 mus
456 4186 685 4272 assignandam
707 4190 740 4252 in
763 4189 890 4273 signum
914 4186 1048 4253 evidens
1070 4196 1103 4251 et
1129 4187 1296 4254 cautelam.
1321 4188 1436 4254 Testes
1467 4200 1554 4254 sunt:

364 4291 512 4356 dominus
529 4291 699 4357 Walthusl’
715 4289 870 4375 decanus,
886 4290 962 4356 Otto
978 4301 1094 4378 custos,
1110 4292 1310 4378 Minhardus,
1332 4293 1555 4380 Hiltprandus,

362 4531 428 4585 162.
469 4545 483 4569 ·
500 4535 660 4586 Theilweise
679 4537 728 4587 mit
744 4535 858 4588 andei-ar
876 4536 956 4587 Tiute
973 4537 1118 4601 corrigiam.
1139 4562 1170 4573 -
1189 4545 1201 4569 ⁰
1218 4536 1249 4587 A.
1267 4542 1333 4587 statt
1354 4538 1505 4593 weuram.

467 4654 477 4686 ¹
495 4655 685 4723 Wsingrabem
703 4656 771 4709 Ried
788 4658 834 4709 bei
853 4656 1082 4723 Klosterneubnrg
1099 4657 1149 4723 (nr.
1163 4655 1233 4723 200).
