3400 5350
1293 411 1336 476 45

136 609 209 664 lova
227 613 257 664 et
272 609 309 664 de
326 609 459 682 Diuptal,
483 624 539 680 que
556 608 632 664 infra
647 610 800 665 terminum
816 615 885 665 sunt
899 609 1006 680 Sancte
1021 610 1194 681 Petronelle,
1220 616 1249 665 et
1263 610 1339 667 ultra

135 713 305 769 Danubium
328 712 588 768 Liubmannisdori
607 719 637 769 et
650 713 863 769 Wiailinisdorf
883 720 940 770 tres
963 732 1088 786 mansus,
1112 732 1184 786 quos
1206 715 1338 770 dominus

134 818 312 891 sigehardus
327 817 532 890 Aquilegeusis
555 819 720 892 patriarcha
743 820 858 875 domino
881 820 1038 876 Altmanno
1061 821 1194 892 episcopo
1217 820 1247 874 in
1274 838 1339 875 con·

136 922 249 979 cambio
265 923 395 993 tradidit,
412 940 476 977 cum
491 922 682 979 decimatione
697 924 733 978 do
747 924 854 979 eisdem
871 923 956 980 villis.
983 923 1138 993 Parrochip
1153 925 1183 978 in
1199 924 1271 995 loco,
1288 924 1338 995 qui

137 1027 243 1082 dicitur
258 1025 398 1098 Chotans,
415 1028 492 1099 apud
504 1025 573 1082 Grie
588 1028 727 1083 terminus
742 1034 800 1083 est:
816 1029 853 1085 de
865 1027 1059 1102 Chalchgrdbi
1075 1046 1165 1099 nsque
1180 1030 1211 1083 in
1223 1028 1338 1084 Obizar·

136 1132 222 1203 bach,
246 1132 283 1187 de
306 1150 364 1203 quo
386 1149 472 1204 snper
486 1131 663 1205 Swarziperg
685 1150 776 1204 usque
800 1134 837 1188 ad
857 1135 1003 1204 quandam
1022 1134 1152 1190 villulam
1166 1133 1338 1202 Narchonis,

137 1254 193 1308 qne
213 1236 292 1291 infra
313 1237 434 1292 eundem
454 1236 606 1292 terminum
626 1243 679 1307 est,
703 1237 771 1293 inde
790 1238 926 1309 usquein
942 1256 1064 1305 amnem,
1088 1239 1138 1309 qui
1153 1238 1283 1293 Fuestria
1298 1238 1339 1293 di·

137 1341 223 1413 citur,
248 1330 367 1397 deinde
391 1342 428 1395 ad
443 1341 592 1396 cuiusdam
612 1342 717 1396 nobilis
737 1343 868 1414 predium
888 1342 1003 1398 Gerune
1023 1343 1092 1398 dicti
1112 1343 1282 1414 pertinentis
1302 1344 1338 1397 ad

138 1446 265 1501 vicinam
280 1445 459 1516 parrochiam
471 1445 574 1516 wltin,
595 1446 662 1501 inde
678 1447 715 1501 ad
734 1448 914 1517 quorundam
929 1447 1059 1519 predium
1075 1446 1190 1503 OttonIs
1210 1452 1239 1502 et
1252 1447 1339 1502 Perh-

137 1550 221 1620 toldi,
238 1549 411 1605 marchionis
426 1549 580 1623 Liudpoldi
597 1551 836 1621 ministerialium,
853 1567 910 1622 que
926 1557 993 1606 sunt
1008 1550 1085 1606 inira
1100 1552 1228 1623 predicte
1243 1569 1340 1622 parro-

138 1655 203 1724 chie
227 1655 391 1725 terminum,
415 1654 483 1710 inde
505 1655 535 1709 in
559 1671 682 1726 amnem,
706 1655 755 1726 qui
779 1654 845 1726 Scyl
867 1662 995 1726 vocatur,
1027 1661 1056 1711 et
1083 1673 1194 1711 omnem
1223 1656 1340 1710 circum·

138 1758 283 1814 iacentem
295 1758 397 1816 silvam
408 1756 539 1814 cultam*
553 1776 643 1831 usque
655 1760 691 1815 ad
707 1765 795 1831 caput
809 1760 865 1815 rivi
881 1760 998 1815 minoris
1014 1758 1169 1831 Chremise,
1186 1762 1222 1817 de
1237 1761 1339 1816 minori

138 1861 290 1919 chremisa
312 1881 403 1934 usque
426 1864 465 1918 ad
487 1864 622 1919 maiorem
643 1862 818 1919 Chremisam
842 1882 941 1919 versus
961 1862 1116 1934 Boemiam,
1140 1864 1241 1922 silvam
1264 1866 1340 1920 ultra

139 1967 294 2024 Chremisa
320 1970 452 2040 positam,
483 1969 587 2024 deinde
613 1969 715 2024 iterum
742 1971 862 2025 eandem
889 1970 989 2025 silvam
1015 1970 1120 2024 cultam
1147 1975 1177 2025 et
1202 1970 1340 2025 incultam

139 2075 292 2145 usquead
312 2091 415 2129 cavum
434 2073 568 2145 lapidem,
593 2074 642 2144 qui
663 2074 763 2147 lingua
782 2074 890 2129 rustica
904 2074 1154 2131 Tiuveleschirche
1174 2074 1287 2146 dicitur,
1311 2081 1341 2130 et

139 2196 265 2248 rursum,
293 2194 351 2249 quo
375 2177 467 2233 minor
489 2175 637 2233 chremisa
663 2179 797 2233 maiorem
824 2177 998 2235 Chremisam
1026 2178 1130 2247 influit,
1159 2179 1339 2234 terminatur.

140 2280 298 2351 Parrochip
319 2282 356 2336 sd
372 2273 522 2336 chuliub³
541 2282 692 2337 terminus:
716 2300 815 2339 versus
835 2283 1010 2337 eccidentem
1025 2282 1100 2337 iuter
1115 2282 1254 2338 allodium
1269 2301 1340 2338 mar

140 2387 254 2442 chionis
270 2386 427 2458 Liudpoldi
446 2392 476 2443 et
494 2388 673 2458 quorundam
694 2387 834 2443 nobilium
854 2387 1030 2442 descendens
1045 2405 1063 2442 a
1078 2388 1222 2442 montanis
1237 2387 1267 2441 in
1283 2385 1337 2443 Oe·

141 2491 260 2563 birmar,
281 2490 349 2546 inde
370 2492 406 2546 ud
421 2491 595 2561 Smidibach,
617 2492 695 2547 iuxta
715 2509 799 2563 quem
820 2492 913 2548 alvum
929 2491 1059 2547 ascendit
1074 2492 1112 2546 ad
1126 2492 1225 2548 villam
1241 2491 1342 2547 Smidi·

141 2592 225 2665 bach,
241 2595 312 2650 inde
327 2596 409 2652 vadit
420 2594 497 2651 Sceit
510 2597 549 2652 ad
563 2595 661 2653 villam
674 2595 833 2667 Heimonis,
850 2595 953 2651 dehinc
969 2597 1006 2650 ad
1017 2595 1242 2665 Moissinbach,⁸
1257 2613 1342 2667 quem

143 2701 294 2756 descendit
308 2701 346 2755 ad
362 2701 455 2758 rivum
470 2701 602 2758 Huriwin
618 2706 647 2757 et
661 2701 738 2756 hunc
757 2717 847 2773 usque
867 2702 904 2756 ad
924 2699 1065 2771 Simicha,
1089 2719 1174 2772 quem
1194 2702 1342 2757 descendit

142 2806 179 2860 ad
200 2805 453 2876 Badwanasbach,
478 2811 507 2861 et
537 2797 612 2861 hine
642 2805 773 2860 ascendit
795 2823 886 2876 usque
908 2806 945 2860 ad
968 2806 1118 2876 tumulum,
1142 2806 1191 2876 qui
1215 2806 1341 2862 excrevit

142 2927 228 2982 snper
243 2908 395 2982 Wagrein,
416 2909 483 2965 inde
499 2910 619 2964 eandem
634 2909 816 2964 altitudinem
831 2909 913 2966 vadit
927 2910 963 2964 acl
979 2916 1067 2980 caput
1081 2908 1199 2980 Ediliae,
1221 2910 1288 2964 indo
1303 2911 1340 2964 ad

142 3015 303 3085 proximum
319 3020 454 3085 montem,
471 3015 521 3085 qni
536 3016 661 3087 pertinet
673 3015 709 3069 ad
721 3013 866 3085 Horistat,
883 3014 949 3068 hinc
961 3013 1109 3068 descendit
1120 3014 1199 3068 iuxta
1210 3012 1342 3069 Chrebia·

142 3118 216 3174 bach
231 3119 264 3173 in
276 3118 408 3214 Pielpha,
432 3138 515 3190 quem
532 3121 636 3175 transit
649 3125 727 3175 recto
743 3119 833 3174 ltmite
848 3120 885 3173 ad
897 3117 1067 3173 Scintilecca
1082 3118 1224 3173 interduo
1237 3117 1343 3173 allodia

143 3223 319 3278 mmchiouis
334 3222 470 3279 Otaehari
489 3229 520 3279 et
534 3224 685 3298 Piligrimi,
707 3225 774 3279 inde
794 3231 873 3278 recta
888 3223 965 3279 linea
980 3223 1016 3277 ad
1032 3223 1218 3294 Richinsccit,
1239 3223 1343 3279 deinde

143 3328 179 3383 ad
201 3333 293 3399 caput
311 3327 441 3400 Pielaba,
465 3328 532 3384 iude
555 3346 606 3401 per
627 3328 808 3384 altitudinem
831 3333 996 3383 montanam
1017 3327 1122 3382 transit
1143 3345 1229 3399 super
1251 3325 1343 3383 Stein-

144 3431 230 3487 berch
251 3437 282 3486 et
302 3433 339 3487 de
354 3431 521 3488 Steinberch
544 3434 619 3489 inter
639 3434 746 3489 allodia
761 3432 934 3488 marchIonIs
949 3432 1104 3503 Liudpoldi
1120 3437 1150 3487 et
1164 3432 1343 3503 quorundam

143 3535 286 3591 nobilium
306 3538 459 3593 revertitur
478 3538 508 3592 in
533 3538 625 3595 rivum
641 3537 798 3594 Oebirmar.
830 3536 974 3608 Quicquid
993 3535 1071 3591 iufra
1089 3534 1145 3605 hec
1167 3530 1252 3593 iacet
1273 3537 1343 3592 culti

142 3646 173 3695 ct
187 3640 302 3711 inculti,
320 3641 357 3695 ad
376 3641 526 3711 ecclesiam
545 3640 671 3697 Ohadiub
691 3643 824 3714 pertinet.
870 3632 1045 3709 Parrochie
1066 3642 1102 3696 ad
1122 3631 1269 3715 Pyricba⁴
1289 3645 1343 3695 ter·

143 3746 269 3799 minum:
297 3762 396 3801 vorsus
423 3746 598 3802 occidentem
621 3745 790 3802 Treisimam
816 3745 936 3803 fluvium
963 3745 1000 3800 ab
1027 3752 1091 3800 ortu
1117 3763 1168 3800 suo
1192 3763 1282 3816 usque
1305 3747 1341 3799 ad

141 3850 244 3907 villam
266 3848 364 3905 Sancti
379 3849 489 3923 Ypoliti
509 3851 605 3922 habet,
626 3852 730 3906 deinde
750 3851 825 3908 viam
845 3850 1107 3923 septentrionalem,
1131 3867 1188 3920 que
1208 3849 1287 3904 ducit
1308 3851 1343 3904 de

141 3954 253 4010 Sancto
275 3953 393 4027 Ypolito
421 3957 456 4010 ad
480 3955 619 4027 Mehtyris
645 3975 695 4029 per
722 3956 819 4013 villam
839 3955 988 4028 Wagrein,
1016 3960 1046 4009 et
1071 3972 1122 4027 pcr
1146 3954 1258 4025 silvam,
1286 3972 1343 4026 que

140 4065 266 4116 vocatur
289 4059 448 4132 Vorahach,
465 4061 568 4116 deinde
590 4063 628 4117 ad
647 4061 745 4119 villam
764 4060 924 4130 Sibihirtin,
948 4059 1051 4114 deinde
1066 4059 1141 4114 iuter
1160 4060 1217 4114 duo
1237 4058 1343 4114 allodia

141 4223 192 4278 27.
247 4236 262 4261 ⁸
279 4244 298 4276 π
317 4229 384 4278 ilber
400 4227 449 4278 dcr
465 4227 540 4279 Zsile
558 4228 766 4294 nachgetragon.

139 4328 152 4362 ⁸
170 4331 279 4383 Hieran
303 4334 440 4384 rsrmsrlrt
461 4332 509 4386 der
536 4332 600 4384 Cod.
620 4333 662 4383 111
688 4333 795 4385 Fatua:
833 4331 895 4382 lton
922 4331 1050 4382 ecdem
1075 4332 1104 4379 tn
1136 4328 1262 4381 C'ltaeleub
1285 4345 1342 4377 oon·

134 4421 234 4484 serunt
248 4418 429 4472 Gottwicmarer
447 4429 471 4473 ct
487 4423 615 4487 recipiam
632 4420 752 4482 deotmar,
763 4419 881 4485 sucidam
899 4424 984 4469 owen
1000 4419 1088 4468 habrdt
1105 4416 1160 4466 dax
1178 4416 1210 4465 ab
1228 4417 1343 4478 epiecopo

142 4508 299 4559 Palavicrm'
321 4505 406 4576 (Mon.
424 4508 502 4560 boica
518 4507 645 4569 XXVIII,
663 4508 698 4569 11,
716 4504 788 4574 483).
812 4534 846 4544 -
872 4504 884 4536 ⁴
902 4505 990 4557 Hieau
1008 4503 1144 4554 vermerlrt
1161 4502 1208 4552 der
1225 4501 1290 4551 cod.
1301 4502 1342 4551 111

139 4597 254 4648 Patara
271 4598 336 4648 Item
355 4597 483 4648 wodecim
500 4599 529 4647 ia
548 4595 646 4646 Pircta
662 4595 796 4660 conferant
816 4593 992 4645 Gottwieerares
1009 4598 1033 4642 et
1050 4592 1175 4653 recipiam
1192 4587 1303 4640 ἀοσίπιω
1321 4595 1343 4637 ct

133 4686 244 4753 surdus
261 4692 297 4738 ert
314 4689 344 4737 in
361 4684 495 4736 medietate
511 4685 625 4748 episcopi
643 4683 805 4734 Pataoiema'r
824 4678 907 4747 (Mon.
920 4682 999 4731 boica
1016 4676 1144 4738 XXVIII,
1161 4676 1198 4737 11,
1215 4675 1286 4742 482).
