3400 5350
371 422 433 485 112

474 615 494 696 †
516 614 531 699 }{
553 611 591 677 In
613 614 741 677 nomine
765 614 864 696 patris
888 620 920 675 et
941 610 998 674 filii
1020 621 1053 675 et
1074 611 1203 695 spiritus
1226 612 1342 690 sancti3
1366 632 1471 674 amen.
1496 610 1562 673 Fri-

371 718 498 783 dericus
520 719 535 804 ξ
558 716 610 781 dei
632 719 743 801 gracia
765 715 835 781 dux
849 715 980 780 Austrie
1003 725 1035 779 et
1050 715 1157 800 Stirye
1180 724 1213 779 et
1233 713 1380 778 dominus
1396 712 1562 779 Carniole¹

370 824 528 888 universis
551 821 669 887 Christi
699 820 852 885 fidelihus
882 822 915 884 in
945 827 1147 905 perpetuum.
1193 817 1276 883 Cum
1300 827 1381 883 teste
1404 820 1563 902 scriptura

369 928 482 992 melius
512 929 553 991 sit
582 949 699 991 nomen
729 926 860 1008 bonum,
892 947 989 1010 quam
1023 933 1166 1010 ungenta
1200 924 1356 1008 preciosa,
1388 944 1446 986 nos
1481 924 1564 986 sicut

370 1042 479 1118 patres
502 1033 601 1096 nostri
623 1052 682 1116 pro
706 1029 766 1094 deo
790 1039 822 1094 et
845 1028 948 1094 salute
971 1038 1081 1093 nostra
1104 1037 1136 1092 et
1158 1028 1243 1092 bona
1265 1027 1361 1110 fama,
1390 1048 1488 1112 quam
1511 1047 1563 1090 ne-

370 1136 493 1222 gligere
520 1158 582 1201 non
612 1134 777 1217 debemus,
805 1132 849 1198 ad
876 1135 1048 1198 tuicionem
1072 1142 1104 1197 et
1125 1130 1392 1217 indempnitatem
1415 1128 1563 1194 ecclesia-

372 1263 454 1324 rum,
479 1263 542 1326 que
564 1261 623 1326 per
645 1248 747 1304 terras
770 1247 896 1303 nostras
920 1240 1089 1302 constitute
1113 1245 1196 1320 sunt,
1220 1257 1351 1322 operam
1375 1234 1455 1299 dare
1477 1234 1564 1300 volu-

370 1368 442 1410 mus
480 1343 677 1430 diligentem.
730 1343 816 1407 Hinc
854 1353 913 1426 est,
951 1340 1037 1428 quod
1076 1342 1218 1426 presenti
1255 1341 1375 1426 pagina
1416 1348 1564 1403 constare

369 1449 518 1514 volumus
551 1458 618 1512 tam
652 1446 856 1532 presentibus
890 1467 987 1532 quarn
1021 1445 1146 1526 futuris,
1185 1442 1272 1529 quod
1307 1466 1381 1508 cum
1414 1445 1466 1529 pie
1500 1465 1564 1507 me·

371 1556 470 1619 morie
501 1563 593 1639 pater
623 1562 732 1617 noster
762 1550 951 1637 Liupoldus,
982 1551 1051 1614 dux
1074 1551 1204 1614 Austris
1237 1558 1269 1614 et
1298 1549 1439 1636 Stirye,·
1470 1550 1564 1633 privi-

371 1658 513 1745 legium8
545 1656 672 1722 dederit
701 1656 837 1721 ecclesie
869 1655 1099 1737 Kothwieensi‚
1130 1656 1279 1740 quatinus
1310 1655 1338 1716 ei
1370 1651 1411 1717 de
1434 1651 1563 1739 quibus·

372 1763 448 1828 dam
479 1761 625 1827 eiusdem
654 1760 790 1826 ecclesie
821 1758 1076 1845 possessionibus
1108 1756 1194 1823 CCL
1223 1756 1322 1822 modii
1351 1779 1466 1838 avene,
1501 1778 1563 1841 que

371 1866 468 1953 vulgo
492 1865 608 1931 dieitur
630 1864 848 1948 marcbudtcr,
876 1866 1042 1928 annuatim
1065 1862 1107 1927 ab
1131 1861 1251 1926 abbate
1273 1860 1356 1925 illius
1378 1860 1440 1926 loei
1463 1859 1563 1924 solve·

371 1981 492 2036 rentur.
530 1970 598 2035 Nos
621 1991 749 2055 quoque
771 1970 916 2053 vestigiis
939 1969 1039 2054 patris
1062 1968 1163 2032 nostri
1184 1966 1368 2031 inherentes
1390 1968 1455 2029 iam
1479 1964 1563 2029 dicte

373 2075 507 2139 ecclesie
538 2095 596 2161 pro
627 2071 782 2138 comodo·
813 2082 846 2138 et
875 2072 1020 2158 profectu
1053 2073 1121 2136 eius
1151 2093 1279 2136 omnem
1306 2070 1510 2135 advocatiam
1531 2072 1561 2133 in

372 2179 464 2244 bonis
494 2180 604 2264 ipsius,
635 2200 698 2264 que
725 2176 817 2242 nobis
840 2200 861 2241 a
877 2175 1056 2242 Wiehardo
1080 2175 1120 2240 de
1144 2175 1313 2260 Zebingen
1335 2173 1562 2239 ministeriale'³

373 2292 480 2349 nostro
508 2305 627 2347 vacare
655 2291 796 2367 ceperat,
827 2291 983 2366 perpetuo
1005 2282 1074 2344 iure
1098 2279 1288 2344 contulimus
1311 2302 1351 2343 ea
1372 2279 1495 2343 scilicet
1516 2301 1562 2343 ra·

371 2389 468 2469 tione,
498 2397 534 2452 ut
563 2385 589 2452 C
620 2386 732 2450 modos
762 2407 866 2450 avene
896 2384 1191 2470 Newenburgensis
1214 2392 1349 2448 metrete
1372 2381 1466 2447 nobis
1488 2382 1563 2447 inde

372 2490 509 2556 ecclesia
531 2489 695 2577 persolvat
716 2492 892 2573 annuatim,
916 2492 1056 2575 itemque
1079 2488 1144 2553 XL
1166 2487 1296 2572 talenta,
1323 2508 1386 2573 que
1406 2486 1504 2572 vulgo
1521 2485 1563 2550 di·

373 2606 489 2660 cuntur
517 2593 791 2681 lantpfenninge,³
821 2616 919 2681 super
946 2593 1062 2680 quibus
1086 2590 1248 2657 solvendis
1271 2590 1369 2655 iudici
1392 2601 1500 2655 nostro
1524 2588 1564 2654 de

372 2700 488 2782 Tulna,
518 2722 560 2763 ne
590 2699 731 2785 aliquam
758 2699 1012 2764 iurisditionem⁶
1036 2700 1068 2762 in
1091 2698 1236 2762 homines
1260 2695 1396 2761 ecclesie
1419 2694 1564 2778 haberet,

372 2804 576 2891 privilegium
598 2815 771 2889 acceperat
792 2827 812 2868 a
835 2802 937 2867 felicis
959 2802 1113 2867 memorie
1133 2811 1247 2887 patruo
1264 2811 1371 2866 nostro
1386 2798 1564 2883 Friderico,

373 2907 535 2996 quondam
560 2907 643 2973 duce
658 2908 799 2991 Austrie,
822 2909 855 2972 in
878 2905 905 2972 C
927 2905 1050 2971 modios
1066 2927 1170 2970 avene
1185 2904 1485 2990 Newenburgensis
1501 2925 1563 2968 me·

373 3022 455 3079 trete
489 3011 532 3076 ad
567 3014 751 3077 instantiam
784 3033 918 3097 precum
953 3009 1079 3074 abbatis
1110 3020 1143 3074 et
1172 3018 1351 3074 conventus
1381 3006 1564 3094 supradicte

374 3116 510 3182 ecclesie
543 3116 679 3180 fecimus
714 3117 903 3180 commutari
933 3116 977 3179 ita
1009 3113 1187 3196 dumtaxat,
1222 3124 1258 3178 ut
1287 3112 1392 3177 nullus
1421 3111 1564 3177 iudicum

373 3231 553 3286 nostrorum
576 3242 637 3284 nec
661 3220 741 3283 citra
763 3240 825 3283 nec
847 3218 931 3283 ultra
954 3217 1144 3282 Danubium
1167 3216 1307 3302 aliquam
1330 3216 1449 3282 habeat
1476 3217 1564 3280 iuris·

373 3324 548 3389 ditionem⁰
571 3325 605 3388 in
628 3322 720 3387 bonis
743 3322 814 3405 illis,
838 3324 871 3385 in
894 3321 1009 3407 quibus
1033 3321 1166 3386 solvitur
1188 3322 1250 3386 hec
1270 3343 1385 3405 avena,
1408 3322 1469 3385 nisi
1483 3321 1564 3384 forte

373 3427 488 3513 aliquis
510 3436 611 3493 morte
635 3425 924 3513 condempnandus
944 3428 976 3490 in
993 3427 1086 3492 bonis
1101 3425 1161 3490 illis
1177 3436 1325 3511 repertus
1340 3425 1445 3508 fuerit,
1469 3446 1564 3509 quem

374 3541 482 3596 tamen
512 3531 612 3596 iudex
642 3539 750 3595 noster
780 3532 911 3616 propria
937 3532 1126 3595 auctoritate
1148 3550 1213 3594 non
1235 3528 1413 3615 usurpabit,
1438 3526 1497 3592 sed
1519 3549 1565 3591 re·

375 3791 438 3847 103.
480 3805 493 3829 ⁸
510 3796 541 3845 Α.
562 3822 593 3832 -
612 3794 626 3827 l'
643 3793 675 3844 A.
693 3797 757 3844 stati
774 3792 944 3844 ministeriali.
964 3820 997 3828 -
1016 3801 1027 3826 ⁰
1044 3791 1074 3841 A.
1094 3796 1158 3842 stati
1175 3790 1381 3841 iurisdietionem.

479 3933 489 3964 ¹
507 3935 539 3985 In
557 3934 644 3984 dieser
661 3932 793 3985 Urhunde
810 3932 884 3983 sithri
901 3932 1007 3997 Herzog
1018 3930 1158 3982 Friedrich
1172 3931 1206 3981 11.
1220 3931 1326 3991 bereits,
1344 3929 1399 3980 und
1417 3944 1489 3979 zwar
1506 3944 1566 3979 zum

375 4022 535 4073 erstenmale
553 4021 605 4072 den
623 4022 741 4071 Nomen:
760 4018 877 4069 domim
899 4017 1024 4069 Cominio.
1060 4018 1177 4068 Hieratis
1195 4017 1283 4083 ergibt
1300 4016 1356 4067 sich
1379 4018 1440 4067 eine
1458 4016 1569 4067 Berich-

374 4112 470 4177 tigung
487 4109 612 4170 Raueh's‚
636 4107 750 4158 Oestera
770 4106 930 4160 Geschichte
948 4105 983 4167 11,
1005 4107 1055 4155 416
1075 4107 1099 4169 5.
1112 4106 1154 4168 31,
1177 4104 1288 4155 wonaeh
1310 4103 1367 4155 sich
1389 4102 1437 4154 der
1459 4104 1571 4169 Herzog

375 4204 429 4249 eret
456 4199 523 4247 1233
550 4196 643 4247 diesen
665 4195 737 4245 Titel
764 4194 901 4260 beigelegt
926 4193 1002 4243 habe.
1038 4192 1116 4242 Doch
1139 4191 1272 4242 eracheint
1294 4206 1323 4241 er
1345 4190 1421 4241 nicht
1442 4192 1470 4241 in
1494 4191 1571 4241 allen

374 4288 498 4351 spiteren
507 4283 657 4337 Urknnden
667 4283 716 4332 mit
724 4282 824 4332 diesem
834 4282 938 4332 Namen
948 4280 1075 4346 (Merum,
1087 4279 1295 4344 Babenb.·ng.,
1308 4278 1334 4329 S.
1345 4280 1394 4327 263
1406 4278 1484 4328 Anm.
1494 4275 1570 4343 432).

377 4400 409 4409 -
426 4369 439 4401 ⁸
456 4373 538 4422 Diese
556 4370 688 4422 Urhunde
710 4370 817 4435 Herzog
838 4367 982 4433 Leopold‘s
994 4368 1039 4418 VI.
1059 4369 1093 4418 ist
1114 4366 1204 4417 weder
1226 4368 1262 4415 im
1285 4364 1423 4431 originale
1446 4365 1516 4415 noch
1539 4365 1572 4415 in

376 4460 451 4510 einer
468 4458 552 4524 Copie
572 4456 734 4515 vorhanden
757 4472 786 4507 so
810 4471 890 4518 zuar,
913 4454 973 4505 dass
996 4456 1045 4504 wir
1066 4469 1117 4504 nur
1139 4468 1188 4504 ans
1210 4453 1299 4503 dieser
1316 4451 1399 4503 Stella
1421 4467 1475 4501 von
1497 4451 1574 4502 ihrer

376 4546 502 4597 Existenz
520 4545 654 4596 Kenntnis
672 4543 808 4610 erlangen.
832 4542 870 4594 Es
888 4557 950 4609 mag
967 4541 1053 4592 dieses
1066 4540 1187 4608 Original
1206 4541 1331 4605 itbrigens
1348 4538 1493 4604 frdbzeitig
1510 4553 1573 4589 ver-

376 4632 450 4682 loren
468 4645 610 4698 gegangen
627 4633 693 4691 sein,
712 4631 746 4681 da
763 4646 791 4681 es
809 4629 857 4680 der
875 4630 1030 4680 Bearheiter
1047 4628 1094 4679 des
1112 4626 1235 4678 CodexC
1254 4624 1476 4676 wahrscheinlieh
1494 4625 1576 4676 nicht

377 4718 452 4770 mehr
463 4717 600 4785 vorliegen
613 4719 695 4769 hatte.
714 4745 747 4755 -
765 4714 778 4746 ⁸
795 4717 911 4784 Dopsch‚
924 4717 1005 4767 Beitr.
1019 4732 1041 4767 a.
1055 4714 1151 4767 Cesch.
1163 4714 1210 4765 der
1221 4714 1406 4764 Finanarerw.
1420 4714 1449 4762 in
1462 4711 1576 4763 Oester·
