3400 5350
1295 419 1359 486 725

269 609 404 693 Sieyler:
425 611 483 693 fuir
503 611 556 676 dic
569 610 942 678 Uriumdeaoaestoldem'a
962 612 1078 696 cayeu
1096 611 1206 699 (wann
1221 613 1274 678 ich
1290 612 1360 679 selb

165 712 255 778 nicht
275 715 373 800 aigen
395 713 489 799 insigl
511 712 634 799 gehabt
649 714 728 801 hab)
745 714 804 781 der
819 716 924 781 Ritter
938 715 1030 781 Hans
1054 714 1113 781 der
1127 716 1361 783 Pellendorfftr

166 815 231 902 (L),
254 817 424 904 Wdliing·
447 815 507 882 der
529 818 604 884 Pair
626 839 690 884 von
713 815 867 906 Ruspach
883 817 956 905 (Π.)
979 819 1046 885 und
1062 820 1155 885 Hans
1178 820 1237 885 der
1251 819 1359 907 Falce,

164 920 396 988 Judenrichter
417 945 459 987 zu
481 920 642 989 Chrembs
658 923 758 1012 (HL.)

268 1026 406 1093 Dotem.-
444 1077 451 1091 .
488 1077 495 1092 .
532 1079 538 1092 .
577 1027 685 1113 geben
722 1027 837 1116 (1389)
875 1052 917 1095 an
953 1038 1118 1114 samcztag
1155 1029 1239 1096 nach
1275 1029 1359 1096 sand

165 1129 368 1217 Michelstag.

267 1325 341 1394 Orig.
363 1325 417 1393 (Δ),
444 1326 521 1393 Perg.
557 1327 684 1382 Dentsch.
721 1327 786 1380 Drei
809 1327 900 1395 siegel
922 1343 957 1379 au
977 1327 1196 1395 Perg-Streiiem
1223 1328 1308 1396 Copia
1330 1329 1359 1380 in

165 1413 264 1465 Cedo
281 1412 300 1465 f.
312 1409 380 1466 er'f.
399 1410 452 1483 (Β).

268 1536 289 1586 1.
303 1534 467 1602 bacchidigt,
479 1536 636 1603 sechseckig
647 1534 714 1605 (29),
725 1537 877 1604 ungefdrbt,
889 1537 958 1590 ΝΔ
966 1539 991 1589 2.
1005 1537 1140 1590 Umsehr.:
1160 1576 1167 1588 .
1182 1567 1189 1588 ι
1201 1537 1358 1606 0n[s]nn·

165 1623 209 1672 Pe
221 1660 227 1673 .
240 1662 247 1675 .
261 1663 267 1676 .
281 1622 415 1673 ORFARI
428 1661 435 1673 .
449 1662 454 1673 .
473 1623 526 1674 Ein
537 1623 733 1691 breitrandiger
744 1624 823 1692 Ring.
837 1625 917 1676 -11.
931 1623 1001 1675 rnnd
1013 1622 1079 1693 (27),
1091 1625 1243 1691 ungessrbt,
1255 1626 1293 1675 IV
1301 1626 1325 1676 Δ
1334 1628 1359 1676 2.

166 1709 300 1760 Umschr.:
323 1709 349 1760 S.
368 1709 539 1763 WULFIDG
552 1726 558 1738 ·
571 1710 642 1790 DQ
655 1725 660 1736 ·
673 1711 811 1762 Psvless.
842 1711 997 1777 Gespalten‚
1026 1712 1148 1763 sweimal
1171 1712 1357 1779 halbgetheilt.

164 1825 198 1835 -
216 1797 263 1848 lIL
287 1796 451 1864 beschldigt,
474 1797 543 1848 rund
558 1797 625 1866 (29),
647 1797 799 1864 ungefflrbt,
822 1799 932 1849 lvst.
961 1799 1098 1850 Umschm
1125 1799 1358 1852 ..thADDIS·

164 1883 233 1936 Dcl.
252 1883 323 1936 ΡΟ.
342 1924 348 1934 .
379 1884 499 1936 Drsimal
516 1885 702 1953 halbgetheilt
720 1886 869 1953 gespalten.

207 2112 283 2181 807.
809 2120 892 2179 1389
908 2120 1073 2180 November
1088 2121 1139 2186 25,
1157 2122 1315 2195 Gottwelg.

163 2305 303 2389 Bischof
318 2306 422 2390 θωνα
447 2327 508 2371 uon
530 2305 658 2373 Possau
685 2307 830 2391 butotipt
856 2307 909 2372 die
927 2306 1074 2391 Stifituny
1095 2307 1181 2373 einer
1203 2306 1359 2391 teplichca

162 2409 268 2478 Mesae
299 2412 336 2476 iu
369 2410 426 2476 der
452 2410 779 2493 Kotdorineakopclle
811 2432 854 2476 eu
887 2410 1040 2496 Gottweip
1066 2414 1135 2478 uod
1166 2411 1274 2478 eberuo
1307 2412 1359 2478 die

243 2515 536 2599 Jamoysstiticnp
557 2516 657 2582 durch
678 2515 745 2583 Aet
766 2514 940 2583 Friedrich
954 2515 1003 2582 II.
1026 2537 1087 2583 voa
1108 2515 1271 2602 Gottweip.

266 2708 338 2776 Orig.
356 2707 411 2778 (A),
428 2709 506 2777 Perg.
536 2710 602 2761 Drei
619 2709 709 2776 Siegel
727 2725 762 2762 an
781 2710 995 2777 perpetrares.

266 2881 335 2947 Nos
355 2882 512 2950 Georius¹
536 2882 588 2948 dei
612 2893 645 2949 et
665 2883 838 2970 apostolice
861 2882 948 2949 sedis
970 2885 1082 2968 gracia
1104 2885 1275 2970 episcopus
1297 2885 1356 2950 Pa·

163 2988 315 3052 taviensis
348 2987 536 3074 profitemur
569 2998 602 3054 et
634 2986 764 3075 publice
796 2990 1060 3075 recognoscimus
1093 3010 1152 3075 per
1180 2998 1357 3074 presentes,

164 3090 251 3177 quod
273 3093 306 3156 in
329 3089 457 3158 Christo
479 3092 573 3159 nobis
596 3092 732 3159 dilectus
753 3092 855 3158 frater
870 3091 1038 3158 Fridricus
1054 3091 1158 3158 abbas
1173 3094 1358 3159 monasterii

163 3197 197 3261 in
219 3194 384 3262 Chotwico
406 3196 526 3262 ordinis
550 3199 653 3262 sancti
675 3195 846 3263 Benedicti
868 3207 976 3262 nostre
992 3195 1142 3284 dyocesis
1156 3195 1199 3262 ad
1215 3208 1358 3266 nostram

165 3299 302 3367 deduxit
330 3303 491 3379 noticiam,
519 3301 679 3388 quomodo
700 3301 745 3366 ad
766 3301 903 3388 gloriam
925 3300 978 3367 dei
1001 3303 1226 3388 omnipotentis
1250 3311 1283 3367 et
1304 3297 1357 3367 ho

164 3427 275 3472 nerem
305 3405 401 3473 beate
432 3404 485 3473 dei
513 3409 679 3492 genitricis
701 3407 806 3473 Marie
836 3428 965 3492 semper
994 3407 1127 3491 virginis
1153 3429 1193 3471 ac
1216 3409 1357 3473 omnium

164 3519 348 3576 sanctorum
370 3521 403 3576 et
425 3509 601 3577 electorum
624 3510 677 3577 dei
700 3522 797 3576 etex
820 3509 952 3596 speciali
968 3512 1021 3596 pie
1036 3509 1222 3579 devocionis
1237 3511 1357 3577 affectu

164 3625 276 3682 sancte
296 3615 475 3683 Katherine
504 3618 638 3702 virginis
667 3639 706 3681 ac
736 3619 876 3681 martiris
903 3615 1042 3703 gloriose
1064 3614 1230 3702 divinique
1253 3615 1357 3682 cultus

163 3722 430 3805 angmentacione
453 3719 495 3785 ad
518 3718 653 3786 salutem
676 3721 864 3785 animesue
880 3741 1075 3806 suorumque
1090 3716 1358 3807 predecessorum

164 3848 203 3890 ac
225 3846 447 3891 successorum
470 3825 642 3891 sufficienti
665 3822 902 3890 deliberacione
922 3825 1037 3910 previa
1051 3824 1257 3910 infrascripta
1272 3823 1358 3890 bona
1463 3822 1465 3826 ’

164 3928 310 3995 redditus
340 3937 373 3993 et
400 3932 471 3995 iura
500 3929 602 3994 nichil
631 3927 764 3994 dominii
793 3928 846 3994 vel
877 3930 955 3994 iuris
978 3930 1013 3994 in
1035 3927 1158 3993 eisdem
1180 3927 1273 3994 bonis
1296 3927 1357 3994 sibi

163 4043 220 4100 aut
249 4035 315 4098 suis
345 4034 586 4100 successoribus
610 4032 687 4100 dicti
709 4035 894 4099 monasterii
917 4031 1116 4099 reservando
1137 4031 1238 4098 libere
1262 4032 1357 4098 dona·

163 4140 211 4203 vit
240 4138 373 4205 contulit
401 4141 529 4225 penitus
560 4148 594 4203 et
614 4139 792 4224 assignavit
815 4139 990 4203 conventui
1011 4159 1052 4201 ac
1074 4135 1228 4202 fratribus
1250 4157 1357 4202 mena

164 4245 250 4308 sterii
281 4242 419 4329 predicti
448 4243 492 4309 ad
522 4242 750 4309 fundacionem
780 4252 938 4329 perpetue
967 4244 1064 4307 misse
1092 4262 1189 4327 super
1211 4240 1302 4307 altari
1323 4243 1357 4307 in

165 4501 231 4557 806.
267 4505 353 4557 uiui
368 4506 462 4559 Rcsur.

164 4625 229 4679 ΒΜ.
266 4626 383 4696 ¹Georg
405 4645 458 4681 von
479 4627 648 4689 Hohenlohe,
676 4628 743 4679 1889
765 4628 833 4680 Jnni
856 4630 888 4680 18
908 4630 976 4693 -†
1000 4630 1067 4679 1423
1089 4628 1226 4696 August8
1249 4626 1357 4695 (Eubel,

164 4714 323 4766 Hierarchia
340 4715 411 4782 412).
