3400 5350
1267 400 1309 466 33

136 601 225 656 antem
245 600 319 656 sunt
341 591 428 656 bona
451 589 596 678 predicte
612 589 748 671 ecclesie
764 589 880 656 collata
894 590 938 655 ab
954 589 1128 656 Altmanno
1144 592 1308 678 episcopo:

135 695 283 781 parrochia
298 702 436 759 udaian
452 722 515 759 cum
531 704 663 759 omnibus
678 703 857 775 appendiciis
872 703 932 759 suis
946 710 1064 776 excepta
1085 710 1167 776 parte
1189 704 1310 760 decima·

134 808 214 879 bonis,
228 825 283 880 que
299 809 426 881 pertinet
440 810 476 864 ad
492 808 628 864 Sanctum
644 800 835 880 Nycoleum‚*
856 801 890 865 in
906 799 1020 865 eodem
1035 799 1105 865 loco
1122 807 1266 864 Anilinum
1282 817 1311 865 et

133 913 206 967 alium
216 911 367 984 Arilinum,
380 913 591 968 Gemmundum
602 931 667 968 eum
679 911 825 968 beneficiis
836 913 905 983 suis,
922 913 1028 968 ibidem
1040 912 1210 968 beneficium
1222 911 1310 967 Ekri-

132 1017 175 1071 rici
192 1035 249 1072 curn
270 1018 423 1089 mancipiis
444 1023 474 1073 et
493 1017 626 1073 omnibus
646 1017 824 1089 appendiciis
845 1018 904 1073 suis
923 1023 1040 1089 excepto
1060 1018 1178 1074 dimidio
1201 1036 1310 1089 manso,

132 1113 252 1177 Prunne²
267 1123 304 1178 de
321 1121 460 1178 beneficio
475 1123 601 1178 eiusdem
617 1120 747 1177 Ekkirici
763 1140 827 1177 curn
843 1122 994 1194 mancipiis
1009 1127 1038 1177 et
1053 1122 1186 1178 omnibus
1200 1140 1311 1194 appen-

132 1224 201 1280 diciis
219 1226 287 1298 suis,
308 1226 492 1282 Huntisheim
512 1225 701 1281 Rfiduuinum
720 1244 784 1281 cum
805 1225 952 1282 beneficiis
967 1227 1036 1297 suis,
1060 1225 1312 1300 Chellergnennan

132 1328 258 1385 vineanss
274 1348 340 1386 cum
355 1332 479 1388 vinitore
495 1337 523 1386 et
538 1331 670 1387 omnibus
690 1331 869 1403 appendiciis
888 1331 957 1401 suis,
977 1327 1194 1402 ltdtkeristorph
1212 1333 1312 1388 vineas

131 1431 170 1487 111
184 1440 210 1489 et
227 1436 376 1490 dimidiam
396 1453 460 1490 cum
480 1435 653 1492 vinitoribus
668 1441 697 1490 et
712 1435 845 1490 omnibus
861 1435 1039 1507 appendiciis
1053 1427 1150 1506 suis‚*
1168 1435 1252 1491 Palta
1267 1454 1312 1491 ex·

130 1544 202 1609 cepto
220 1557 320 1595 manso
341 1539 366 1611 1,
388 1540 574 1613 Horginbach
596 1544 712 1613 excepto
733 1558 832 1595 manso
852 1540 866 1593 Ι
887 1558 950 1594 emn
971 1540 1122 1611 mancipiis
1137 1545 1166 1596 et
1181 1541 1313 1596 omnibus

130 1644 296 1714 appendiciis
318 1644 387 1715 suis,
411 1643 539 1700 Talaran
560 1662 624 1699 cum
644 1644 737 1700 vineis
757 1649 786 1700 et
805 1644 978 1700 vinitoribus
998 1651 1027 1699 et
1049 1644 1181 1700 omnibus
1204 1663 1313 1717 appen-

129 1745 202 1802 diciis
215 1749 285 1819 anie,
302 1748 398 1804 Uurta
413 1766 478 1803 cum
493 1745 645 1820 mancipiis
660 1754 689 1804 et
703 1748 836 1804 omnibus
852 1749 1031 1820 appendiciis
1045 1751 1105 1805 suis
1116 1754 1146 1805 et
1156 1750 1239 1820 silva,
1256 1767 1314 1821 que

129 1851 229 1907 adiacet
242 1853 346 1924 monti,
362 1854 443 1908 cuiue
458 1854 596 1909 terminus
611 1859 668 1908 est:
684 1855 763 1909 rivus
778 1852 864 1908 Palta
878 1871 990 1908 sursum
1005 1871 1096 1925 usque
1111 1854 1141 1907 in
1154 1852 1313 1909 Ohrumbii·

128 1955 200 2028 bach,
216 1958 324 2013 abhinc
336 1976 427 2029 aeque
437 1959 474 2014 ad
486 1958 641 2014 confinium
652 1957 870 2031 Salrburgensie
881 1959 972 2030 predii
985 1965 1014 2014 et
1026 1959 1207 2029 marchionis,
1225 1957 1314 2014 Ghru·

130 2057 232 2116 eistetin
246 2080 312 2118 cum
329 2062 421 2118 vineis
436 2068 465 2118 et
480 2062 652 2119 vinitoribus
666 2068 696 2118 et
710 2063 842 2118 omnibue
857 2063 1035 2135 appendiciis
1047 2063 1115 2133 suis,
1132 2063 1316 2135 Echindorph

129 2181 184 2218 cum
205 2166 358 2238 mancipiis
382 2173 414 2222 et
435 2167 569 2222 omnibus
591 2167 769 2240 appendiciis
791 2167 860 2237 suis,
882 2166 1131 2238 Pumannestorph
1149 2185 1212 2222 cum
1237 2186 1316 2223 man·

130 2267 202 2339 cipiis
223 2277 252 2326 et
275 2270 410 2326 omnibus
432 2271 611 2343 appendiciis
633 2271 703 2342 suis,
727 2270 904 2343 Nuzdorph⁸
926 2271 1024 2328 vineas
1044 2271 1100 2343 III,
1122 2270 1316 2344 Anzandorph

128 2371 219 2429 vineas
240 2375 284 2446 H,
307 2374 519 2448 Imicinistorph
542 2375 655 2433 vineam
679 2376 704 2447 Ι,
729 2376 945 2448 Ratoluistorph
969 2395 1033 2431 cum
1056 2377 1188 2432 omnibus
1210 2394 1316 2449 appen-

129 2475 203 2533 diciis
223 2480 295 2551 suia,
325 2480 362 2534 ed
385 2478 521 2535 Sanctum
544 2479 712 2553 Yppolitum
734 2485 844 2552 partem
872 2480 1069 2536 decimationis
1097 2487 1127 2536 ct
1150 2499 1279 2536 mansum
1302 2481 1316 2534 Ι

129 2598 185 2636 cum
206 2584 342 2640 omnibus
366 2585 544 2657 appendiciis
568 2587 627 2641 suis
650 2590 679 2641 et
700 2585 732 2639 in
754 2585 813 2640 alia
835 2585 899 2657 ripa
921 2584 1043 2641 Treisim
1063 2604 1161 2642 versus
1180 2585 1318 2659 Wagrein

130 2687 318 2745 molendinum
342 2708 406 2745 cum
429 2690 607 2762 appendiciis
631 2691 691 2745 suis
714 2696 743 2746 et
762 2690 793 2744 II
813 2691 877 2746 loce
897 2692 1063 2763 molendini,
1083 2691 1319 2763 Stoidratistcrph

130 2808 250 2849 mansum
266 2795 295 2866 1,
316 2794 474 2850 Pecsutilin
494 2813 558 2850 cum
582 2795 714 2851 omnibus
737 2795 917 2868 appendiciis
939 2797 1008 2865 suis,
1032 2789 1233 2869 Setuuingin''
1255 2814 1320 2851 cum

129 2899 270 2971 mancipiis
289 2905 319 2955 et
335 2900 467 2954 omnibus
483 2899 662 2972 appendiciis
679 2918 736 2969 sus,
754 2899 964 2971 Biindindorpb
981 2918 1110 2955 maneum
1126 2900 1151 2972 I,
1168 2900 1319 2956 Piscoluie·

130 3002 205 3073 tcrph
227 3021 345 3060 mansee
364 3004 437 3074 1111,
459 3004 622 3060 Houiberch
638 3023 702 3060 eum
718 3005 850 3060 omnibus
866 3004 1046 3075 appendiciis
1061 3005 1119 3059 anie
1134 3009 1164 3059 et
1182 3004 1320 3076 quiequid

131 3215 265 3268 canende
288 3212 406 3285 publica
427 3213 483 3268 vie.
529 3204 706 3269 Parrochia
729 3204 890 3269 Pirchaha
918 3226 992 3268 cum
1022 3203 1222 3290 appendiciis
1245 3205 1320 3280 suis,

129 3312 384 3372 Ohflnihohestetin
403 3317 503 3373 vineas
522 3317 549 3373 V
568 3322 597 3373 et
613 3317 769 3389 dimidiam,
787 3317 967 3373 Zeizinmfira
984 3316 1152 3373 beneficium
1167 3318 1321 3390 Reginoidi

130 3415 294 3496 Guggingin
316 3423 417 3478 vineae
437 3422 467 3476 II
487 3440 551 3477 cum
572 3422 704 3478 omnibus
725 3424 904 3495 appendiciis
926 3423 994 3492 suis,
1021 3421 1219 3495 chirchlingin
1244 3439 1324 3477 man·

129 3542 185 3581 sum
200 3528 213 3582 I
230 3534 259 3584 et
275 3528 392 3586 vineam
404 3527 428 3599 Ι,
445 3527 651 3583 Visehamundi
663 3541 792 3582 maneum
804 3528 829 3598 Ι,
850 3527 926 3581 Muri
937 3526 1164 3597 decimationem,
1182 3519 1322 3582 Heimin·

130 3620 238 3708 burch,
263 3623 588 3709 Aechrichisprucca,
611 3623 742 3687 Houilin
767 3632 799 3688 et
821 3623 865 3687 ad
887 3622 1041 3689 Sanctam
1055 3621 1271 3687 Petrcnellam
1292 3630 1324 3686 et

130 3724 167 3788 de
189 3730 309 3792 ceteris
331 3726 426 3811 villis,
450 3748 512 3813 que
533 3730 695 3814 pertinent
715 3726 757 3791 ad
773 3726 923 3813 predium
939 3726 1104 3812 Dietpoldi
1119 3726 1322 3808 marchionis,

130 3827 391 3914 decimationem
426 3832 597 3917 parrochia
627 3830 764 3917 Ohbliup
795 3841 979 3897 constructa
1009 3833 1040 3896 in
1070 3853 1193 3916 manse,
1227 3854 1323 3918 quem

130 3933 262 4001 Riehiza
299 3935 400 4020 dedit,
434 3935 477 4002 ed
510 3959 607 4023 quam
642 3935 888 4002 decimationem
921 3938 1104 4001 terminavit
1133 3936 1325 4019 Houistetin,

129 4037 275 4106 Mbraha.
299 4048 429 4105 Stndaha
444 4067 557 4106 mansos
572 4049 611 4121 X,
633 4048 768 4105 Ascheha
782 4051 883 4108 vineas
897 4049 939 4119 ΙΙ,
959 4049 1141 4105 Hunisberch
1157 4067 1287 4104 mansum
1299 4049 1324 4120 Ι,

129 4150 212 4210 Hella
226 4155 342 4211 curtalo
356 4155 372 4209 Ι
387 4160 416 4209 et
431 4156 605 4228 sartagmem
621 4155 650 4225 13
674 4145 845 4231 parrochia
867 4144 1034 4231 Mulipach
1058 4155 1153 4211 cum⁶
1177 4144 1325 4210 omnibus

128 4316 173 4372 18.
231 4331 245 4356 ⁸
263 4323 323 4373 Der
341 4321 774 4374 Oberschattdesdantltaenr.
811 4347 845 4356 —
882 4320 964 4373 bScd
982 4321 1031 4371 aut
1046 4321 1139 4370 Resur.
1173 4345 1206 4355 -
1241 4317 1327 4369 oDuo

129 4404 388 4476 Raraungszeichen
406 4410 454 4460 auf
469 4411 565 4461 Rasur.

130 4505 212 4563 'Dae
235 4513 343 4579 jetciga
368 4513 581 4577 Brunnlrirchen‚
609 4514 684 4566 Gem.
712 4511 876 4574 Oberfneha,
903 4510 998 4562 cstlich
1025 4527 1078 4561 von
1104 4510 1228 4560 Mentem
1256 4510 1328 4561 nahe

131 4595 172 4649 bei
198 4600 249 4652 der
270 4601 380 4651 Donau.
415 4601 468 4652 Die
494 4600 677 4667 Ansiedelung
699 4599 812 4653 bestand
834 4601 871 4649 im
896 4601 936 4649 15.
957 4598 1051 4649 Jahrh.
1074 4612 1123 4648 ane
1146 4597 1206 4648 dem
1229 4599 1328 4649 oberen

133 4685 184 4734 und
207 4691 327 4738 unteren
343 4687 501 4738 Brunnhcfe
522 4687 578 4739 und
595 4689 677 4755 gieng
699 4691 765 4739 1529
790 4689 827 4737 im
846 4685 1050 4752 Tdrkenkriege
1073 4687 1125 4735 ein.
1162 4685 1219 4735 Seit
1240 4684 1328 4735 dieser

181 4779 294 4823 Pontes.
311 4779 341 4823 11.
351 4779 418 4823 rath.
437 4778 476 4821 Bd.
486 4778 522 4820 Li.
1155 4773 1172 4820 3
