3400 5350
359 430 422 496 358

358 622 558 689 Ohueffarn⁴
588 644 687 688 uuum
717 621 977 709 weinzurlgeriht
1000 632 1143 709 emptum
1165 623 1206 688 ab
1230 622 1314 689 dicto
1337 623 1438 710 Span,
1461 622 1550 711 quod

362 729 462 791 servit
483 725 688 813 Mychahelis
710 727 778 791 XII
801 726 918 792 solidos
942 726 1161 810 denariorum3
1184 726 1305 793 ibidem
1328 725 1458 793 deuna
1472 751 1552 793 area

360 830 425 895 XV
442 830 579 912 denarii3
603 834 680 896 item
701 836 734 895 in
757 830 973 896 Maizbirbem
995 831 1097 897 XIIII
1117 830 1209 896 solidi
1231 831 1418 897 reddituum
1440 855 1460 896 a
1475 832 1552 898 Val-

360 934 517 1018 wahari03
540 938 616 1001 item
631 937 664 1000 in
680 934 922 1002 Chunesteten⁶
945 936 1068 1001 dimidii
1083 936 1194 1002 talenti
1209 937 1354 1002 redditus
1369 961 1390 1003 a
1404 937 1550 1025 Pappou-

361 1040 532 1123 haimario3
554 1042 631 1105 item
655 1042 783 1106 vineam
806 1044 839 1105 in
862 1039 1064 1127 Neunburga
1088 1040 1208 1107 dictam
1229 1040 1458 1126 Velegraben⁶
1487 1065 1552 1108 em-

332 1154 449 1231 -ptam
465 1167 485 1209 a
500 1145 668 1210 Leutwino
685 1147 862 1209 camerario
879 1148 910 1209 in
923 1144 1128 1213 Ekkendorf.
1153 1145 1228 1226 Qua
1243 1146 1374 1233 quidem
1390 1146 1552 1213 oblatione

361 1252 488 1313 sincera
517 1258 624 1314 mente
654 1271 738 1334 pura
768 1261 799 1314 et
823 1248 939 1313 devota
962 1248 1048 1314 dicte
1072 1249 1195 1336 capelle
1218 1250 1305 1315 facta
1327 1250 1485 1335 volumus,
1515 1263 1553 1316 ut

361 1356 440 1439 ipse,
465 1356 520 1439 qui
542 1351 702 1438 oblagiam
725 1355 758 1417 in
782 1352 867 1417 dicto
890 1356 1083 1418 monasterio
1105 1364 1215 1419 nostro
1237 1365 1326 1420 tenet
1339 1357 1372 1419 in
1387 1365 1552 1442 posterum

363 1467 396 1523 et
417 1456 539 1524 tenebit
561 1456 663 1522 dictos
686 1456 832 1522 redditus
855 1468 952 1544 atque
974 1456 1060 1523 bona
1083 1480 1142 1544 per
1163 1480 1222 1523 nos
1238 1458 1357 1525 donata
1371 1483 1469 1525 manu
1484 1483 1551 1525 am·

362 1562 529 1649 plectetur,
560 1571 670 1627 teneat
700 1573 733 1625 et
762 1562 927 1648 possideat
955 1586 995 1628 ac
1018 1562 1150 1647 singulis
1174 1562 1289 1628 diebus
1311 1564 1409 1629 faciat
1430 1566 1463 1629 in
1485 1587 1552 1630 una

362 1669 460 1732 missa
490 1666 604 1731 cedem
635 1666 758 1753 capelle
790 1666 955 1731 deservire
986 1665 1137 1732 videlicet
1168 1690 1205 1732 eo
1228 1667 1332 1752 modo,
1356 1678 1392 1733 ut
1414 1679 1553 1755 quatuor

362 1774 459 1837 misse
483 1770 524 1835 de
554 1780 664 1836 saneto
687 1769 865 1835 Benedicta
895 1770 1053 1855 dicantur,
1084 1781 1148 1837 tres
1179 1794 1256 1837 vero
1287 1772 1491 1839 celebrentur
1520 1776 1553 1838 in

363 1878 551 1941 memoriam
580 1874 723 1940 fidelium
755 1874 990 1941 defunctorum.
1036 1874 1112 1962 Ipse
1134 1898 1223 1961 vero,
1246 1879 1302 1963 qui
1324 1877 1486 1963 oblagiam
1509 1889 1551 1943 te·

363 1982 478 2063 nuerit,
509 1980 550 2044 de
580 1984 740 2065 perceptis
771 1978 952 2044 redditibus
983 1980 1111 2045 domino
1142 1981 1242 2065 fratri,
1273 1984 1329 2067 qui
1358 1981 1472 2047 eodem
1500 1982 1553 2048 die

364 2088 495 2150 missam
525 2085 603 2148 inibi
634 2083 793 2167 habuerit,
824 2083 987 2149 tenebitur
1016 2088 1047 2149 in
1071 2085 1157 2150 Vll⁰
1174 2086 1426 2151 Wienneusibus
1449 2090 1553 2173 provi-

364 2190 474 2255 dere.d
528 2188 625 2269 Quod
655 2191 681 2253 si
708 2191 787 2275 ipse,
822 2191 877 2275 qui
907 2192 1011 2274 ipsam
1041 2189 1201 2275 oblagiam
1231 2200 1264 2255 et
1292 2189 1438 2276 predicta
1467 2190 1554 2256 bona

364 2292 540 2381 possidebit
570 2302 602 2357 ct
631 2292 775 2376 babebit,
803 2293 983 2380 predictam
1014 2296 1144 2358 missam
1174 2316 1236 2359 non
1268 2293 1390 2359 tenebit
1416 2317 1477 2360 nec
1500 2295 1554 2360 ob·

365 2397 516 2481 servabit,
548 2399 669 2462 tociens
696 2420 793 2462 unam
816 2396 932 2462 libram
948 2397 1181 2463 Wiennensem
1203 2398 1247 2462 ad
1270 2420 1432 2464 cameram
1455 2401 1556 2484 ipsius

368 2501 505 2586 abbatie,
537 2504 590 2588 qui
614 2523 672 2587 pro
695 2511 772 2566 tunc
795 2501 900 2585 fuerit,
932 2501 1105 2588 applicabit
1131 2512 1164 2567 et
1185 2504 1339 2589 quociens
1361 2504 1554 2589 infringitur,

365 2609 487 2697 tociens
521 2628 639 2694 penam
669 2605 850 2692 predictam
883 2606 1089 2672 accomitabit
1122 2629 1180 2672 seu
1213 2606 1448 2673 accumulando
1482 2631 1554 2696 per-

365 2711 477 2777 solvet.
523 2712 566 2776 Et
595 2711 818 2776 nichilominus
841 2714 909 2796 ipse
933 2714 1171 2777 commissarius
1194 2734 1251 2777 seu
1275 2711 1476 2799 dispeusator
1499 2713 1553 2778 ob·

365 2817 449 2902 lagie
478 2818 510 2881 in
535 2838 619 2881 anno
651 2825 682 2881 et
711 2815 763 2881 die
786 2815 891 2881 obitus
914 2819 1013 2881 nostri
1035 2816 1078 2881 ad
1101 2816 1255 2882 honorem
1278 2817 1330 2882 dei
1354 2827 1387 2882 et
1409 2819 1553 2883 omnium

365 2930 550 2988 sanctorum
579 2924 647 2986 eius
681 2931 712 2985 et
738 2922 770 2985 in
794 2922 981 2986 memoriam
1004 2923 1145 2986 omnium
1168 2919 1325 2986 abbatum
1347 2921 1555 3008 predecesso-

365 3049 437 3091 rum
466 3035 645 3091 nostrorum
676 3036 707 3089 et
737 3047 857 3109 eorum,
890 3027 945 3111 qui
974 3047 1032 3090 nos
1062 3023 1289 3109 subsecuntur,
1322 3025 1449 3112 vigilias
1480 3048 1554 3091 con·

365 3141 473 3195 suetas
496 3141 528 3195 et
550 3130 690 3195 officium
712 3151 771 3216 pro
794 3129 955 3194 defunctis
977 3132 1010 3195 in
1033 3129 1120 3194 dicta
1143 3128 1267 3214 capella
1288 3152 1447 3216 peragere
1469 3140 1556 3196 tene-

366 3235 452 3300 bitur
474 3232 535 3299 sub
555 3256 641 3319 pena
659 3236 815 3320 premissa
838 3255 964 3298 necnon
988 3232 1122 3320 quilibet
1136 3234 1271 3299 fratrum
1286 3237 1318 3299 in
1335 3237 1555 3301 anniversario

365 3350 473 3404 nostro
501 3337 582 3402 duas
606 3340 719 3402 missas
741 3360 799 3423 pro
822 3337 982 3403 defunctis
1005 3338 1115 3424 legere
1138 3347 1295 3403 teneatur.
1341 3340 1386 3403 At
1407 3340 1476 3425 ipse
1500 3339 1554 3405 ob·

365 3443 485 3526 legiam
513 3452 627 3507 tenens
657 3441 809 3507 fratribus
842 3442 883 3506 de
914 3451 1075 3508 conventu
1098 3444 1291 3529 pietanciam
1315 3452 1347 3508 et
1369 3444 1554 3509 consolatio·

367 3570 439 3613 nem
457 3549 548 3611 iuxta
563 3549 661 3633 ipsius
677 3546 796 3611 ordinis
812 3546 1018 3612 observatam
1034 3546 1300 3613 consuetudinem
1316 3569 1355 3613 ae
1370 3546 1555 3613 reddituum

365 3652 553 3717 facultatem
584 3651 745 3717 tenebitur
767 3652 906 3737 elargiri.
951 3652 989 3716 In
1014 3655 1105 3718 cuius
1127 3655 1174 3717 rei
1197 3654 1414 3718 testimonium
1436 3662 1469 3717 et
1490 3675 1555 3717 am-

366 3756 556 3844 plitudinem
588 3758 730 3820 veritatis
754 3758 785 3820 in
809 3766 972 3842 posterum
996 3756 1233 3822 observandam
1256 3757 1371 3822 damus
1394 3756 1479 3822 banc
1500 3778 1553 3821 no

367 3871 466 3925 stram
488 3859 611 3924 literam
635 3859 780 3945 predicto
803 3870 910 3925 nostro
933 3863 1124 3926 monasterio
1145 3870 1177 3925 et
1196 3860 1341 3947 predicte
1357 3860 1480 3946 capelle
1495 3882 1555 3946 per

368 3988 426 4030 nos
439 3964 572 4030 fundate
588 3967 619 4029 in
637 3964 840 4029 donationem
858 3975 891 4029 et
905 3965 1099 4030 dotationem
1115 3976 1147 4030 et
1161 3965 1318 4050 volumus,
1341 3974 1378 4030 ut
1392 3975 1425 4030 et
1435 3967 1555 4052 posteri

368 4071 467 4134 nostri
490 4068 636 4154 predicta
658 4067 842 4154 observent,
871 4068 1031 4153 sigillatim
1055 4069 1156 4154 sigillo
1179 4069 1405 4135 reverendi'in
1427 4069 1554 4136 Christo

366 4176 466 4260 patris
490 4183 522 4237 et
544 4172 662 4237 domini
683 4175 792 4257 nostri,
817 4172 936 4238 domini
951 4172 1077 4238 Alberti
1097 4173 1289 4239 venerabilis
1305 4175 1447 4260 episcopi
1462 4174 1553 4238 Pata·

365 4398 433 4454 380.
473 4400 571 4466 bfolgt
592 4401 637 4450 ein
661 4399 865 4465 freigelasaener
883 4400 968 4450 Ruum
992 4399 1035 4449 rur
1052 4399 1104 4450 den
1122 4399 1290 4451 Taulnamen
1308 4399 1402 4453 Ulrich
1420 4398 1471 4469 (nr.
1484 4399 1555 4469 336).

367 4514 399 4526 --
419 4497 429 4522 ⁸
447 4485 632 4552 ursprttnglieb
653 4487 727 4546 VIII,
748 4488 785 4538 ist
802 4487 886 4537 durch
905 4488 992 4538 Raaur
1009 4488 1037 4537 in
1057 4486 1113 4538 VII
1126 4488 1272 4554 corrigiert.
1302 4515 1335 4524 -
1365 4487 1446 4538 daur
1461 4488 1554 4539 Rasur.

470 4626 481 4656 ⁴
500 4627 620 4686 Rullum,
641 4627 671 4676 V.
686 4627 717 4677 Ο.
732 4627 772 4676 W.
789 4627 830 4676 W.
868 4654 900 4663 —
936 4625 1152 4691 ⁶1tonigatetten
1175 4627 1320 4677 stldllstlich
1339 4644 1392 4678 von
1410 4628 1491 4677 Tulln
1510 4643 1554 4694 ge-

367 4714 454 4780 legeu‚
473 4714 503 4763 V.
518 4714 549 4763 Ο.
563 4714 605 4764 W.
619 4714 660 4765 W.
680 4742 711 4750 -
731 4713 742 4743 ⁸
761 4713 972 4779 l'elcnzgrabon,
996 4715 1040 4763 ein
1059 4713 1127 4763 Ried
1149 4714 1194 4764 bei
1215 4714 1347 4781 Kierliug,
1365 4714 1397 4765 V.
1410 4714 1442 4765 Ο.
1456 4714 1498 4765 W.
1511 4714 1552 4765 W.
