3400 5350
1302 342 1344 406 to

253 533 270 618 ξ
298 532 337 597 In
367 534 496 597 nomine
518 542 631 597 sancte
654 542 687 597 et
707 532 875 598 individue
897 535 1057 617 trinitatis,
1089 532 1276 598 Fridericus
1300 533 1344 598 di·

150 637 226 701 vina
256 636 388 702 favente
419 637 591 702 clementia
613 637 744 703 Austris
768 637 884 724 dux.}{
922 636 1080 703 Omnibus
1104 636 1224 703 Christi
1245 637 1345 702 fideli·

151 740 210 806 bus
239 751 305 806 tam
336 741 542 830 presentibus
573 764 672 828 quam
702 740 817 806 futuris
848 751 959 807 notum
982 764 1053 807 esse
1076 742 1233 826 volumus,
1258 742 1344 829 quod

148 867 207 910 nos
231 844 365 911 abbati¹
396 855 430 912 et
450 845 605 911 fratribus
627 849 659 910 in
682 846 850 912 Kotewico
873 846 959 911 hanc
982 849 1220 933 prerogativam
1243 846 1345 912 indul-

148 952 261 1034 simus,
296 953 447 1036 quatinus
476 953 510 1014 in
539 950 794 1037 possessionibus
824 953 924 1037 ipsius
955 951 1080 1016 cenobii
1111 954 1144 1016 in
1179 973 1219 1016 ea
1252 959 1345 1036 parte

148 1053 306 1139 Danubii,
337 1077 402 1142 qua
424 1057 652 1121 monasterium
675 1057 781 1141 ipsum
804 1057 901 1120 situm
924 1066 981 1140 est,
1005 1065 1037 1121 st
1059 1058 1091 1120 in
1116 1055 1216 1121 Grie²
1238 1055 1345 1120 nullus

147 1181 304 1246 umquam
334 1158 499 1224 hominum
529 1159 590 1224 sub
620 1162 747 1225 nomine
777 1159 928 1225 advocati
957 1169 1014 1225 aut
1042 1158 1144 1224 iudex
1171 1159 1224 1223 vel
1246 1180 1344 1245 preco

147 1262 187 1327 de
219 1274 332 1329 nostra
361 1266 572 1350 permissione
604 1263 657 1329 vel
684 1263 819 1329 alicuius
847 1265 945 1329 officii
967 1264 1020 1329 vel
1043 1262 1153 1329 iudicii
1176 1266 1345 1329 occasione

146 1367 274 1433 eisdem
296 1367 450 1433 fratribus
472 1370 620 1434 iniuriam
641 1368 759 1433 inferat
773 1369 826 1434 vel
841 1368 1007 1434 offendere
1022 1378 1189 1455 presumat
1203 1391 1243 1433 ea
1257 1367 1344 1432 vide·

145 1470 222 1537 licet
245 1470 440 1555 conditione,
467 1482 503 1536 ut
524 1493 583 1559 pro
604 1473 724 1537 iustitia
747 1481 857 1537 nostra
879 1472 921 1538 de
944 1473 1068 1538 eisdem
1090 1472 1344 1559 possessionibus

145 1577 206 1661 ipsi
229 1576 349 1640 fiatres
372 1573 574 1642 semodios
597 1599 701 1641 avene
724 1579 891 1641 annuatim
913 1576 1006 1642 nobis
1029 1575 1223 1662 persolvant
1248 1575 1345 1657 Quod

146 1682 173 1744 si
202 1679 260 1744 fur
289 1679 342 1744 vel
373 1688 502 1765 raptum
531 1680 655 1745 faciens
687 1690 743 1745 aut
765 1680 846 1746 latro
869 1683 902 1745 in
925 1680 1180 1767 possessionibus
1203 1683 1345 1766 ipsorum

146 1783 373 1871 deprehensus
403 1785 569 1848 convictus
598 1784 704 1868 fuerit,
734 1783 778 1849 ad
805 1787 989 1872 proximum
1011 1785 1128 1867 locum,
1159 1807 1222 1872 quo
1249 1785 1345 1850 male·

145 1889 289 1954 factores
312 1890 504 1974 plectuntur,
527 1890 610 1953 sicut
624 1899 674 1955 est
688 1888 816 1975 cingulo
833 1891 968 1973 cinctus,
988 1888 1171 1975 puniendus
1187 1888 1343 1954 tradatur.

145 1994 304 2059 Preterea
320 1994 497 2076 statuimus,
513 2001 550 2056 ut
563 1992 730 2078 pabulum,
746 1992 832 2079 quod
847 1996 882 2058 in
896 1992 990 2058 bonis
1005 1992 1150 2080 predicte
1172 2015 1345 2079 congrega·

145 2099 242 2162 tionis
259 2119 304 2160 ex
319 2105 457 2182 utraque
472 2104 565 2182 parte
576 2096 722 2161 Danubii
737 2095 860 2162 habere
877 2096 1058 2181 debuimus,
1074 2096 1118 2162 ab
1132 2100 1210 2183 ipsis
1224 2099 1257 2162 in
1270 2096 1346 2161 duo-

145 2200 206 2267 bus
222 2201 385 2286 granariis
400 2201 517 2265 nostris
532 2202 735 2286 recipiamus,
759 2223 800 2265 ne
815 2200 912 2265 alicui
927 2201 1106 2266 marscalco
1129 2203 1175 2265 eis
1197 2203 1346 2265 iniuriam

151 2305 204 2371 vel
228 2304 411 2389 dampnum
433 2303 593 2369 inferendi
612 2306 814 2370 occasionem
833 2305 1023 2371 tribuamus.
1047 2306 1090 2370 Et
1109 2314 1145 2370 ut
1159 2303 1222 2369 hec
1237 2314 1345 2382 nostre

147 2410 331 2475 devotionis
352 2411 520 2494 permissio
542 2410 731 2475 inconvulsa
753 2421 952 2496 permaneat,
977 2411 1136 2496 presentis
1160 2411 1268 2495 scripti
1291 2432 1345 2495 pa·

145 2517 256 2599 ginam
280 2512 515 2578 subscribimus
539 2524 571 2579 et
593 2514 688 2599 sigilli
701 2517 803 2579 nostri
817 2516 1017 2600 inpressione
1033 2514 1232 2580 roboramus.
1257 2514 1345 2580 Data

145 2621 176 2683 in
200 2621 272 2704 ipso
292 2619 488 2684 monasterio
503 2640 586 2685 anno
602 2617 645 2684 ab
660 2620 880 2685 incarnatione
896 2618 1015 2684 domini
1030 2618 1196 2684 millesimo
1213 2615 1345 2699 CXCV,
1452 2630 1455 2636 '

146 2724 323 2789 indictione
339 2723 434 2807 XIII,
458 2745 542 2788 anno
557 2723 582 2787 Ι.
601 2722 738 2789 ducatus
753 2725 865 2809 ipsius.
896 2724 1025 2789 Testes:
1042 2724 1227 2788 Hartwicus
1242 2723 1345 2788 Ratis·

145 2830 300 2914 poneusis
323 2826 513 2912 advocatus,
537 2826 649 2893 Orafto
672 2827 713 2919 de
729 2827 972 2913 Anninesbaoh,
995 2828 1185 2893 Dietmarus
1201 2826 1344 2913 Morder,

146 2932 272 3018 Rapoto
296 2931 339 2996 de
355 2931 584 3017 Falchinberc,
607 2931 815 2998 Hademarus
839 2930 880 2997 de
896 2933 1120 3016 Kuneringen,
1144 2930 1344 2997 Wichardus

147 3036 186 3102 se
210 3035 364 3120 seuerus,
394 3035 552 3101 aucuns
576 3036 723 3118 suun,
753 3036 886 3102 uerna
916 3035 957 3100 ue
981 3013 1050 3115 ort,
1082 3036 1269 3100 Dietmarus
1302 3034 1343 3099 ae

145 3140 516 3228 Eng‘dscbalcbisvelde,
537 3142 721 3227 Meingotus
737 3141 779 3206 de
793 3140 1024 3225 Hinterberch,
1040 3139 1200 3205 Rudolfus
1217 3149 1249 3204 et
1264 3140 1345 3204 Her-

147 3244 269 3311 bordus
304 3245 346 3310 de
380 3245 558 3330 Potindorf,
592 3246 778 3311 Isenricus⁸
809 3246 850 3310 de
883 3246 1087 3329 Huntsaime,
1118 3242 1273 3309 Albertus
1303 3242 1345 3309 de

148 3349 329 3433 Lochinlin,
352 3349 511 3415 Rudolfus
535 3349 576 3414 de
598 3350 699 3415 Piela.

251 3509 277 3560 S.
294 3508 405 3575 Herzog
421 3507 582 3559 Friedrich‘s
598 3510 629 3570 1.,
654 3508 806 3575 ungesarbt,
829 3509 870 3558 IlI
887 3509 909 3560 B
926 3509 951 3569 3,
969 3507 1037 3559 Abb.
1050 3507 1094 3559 bei
1113 3506 1192 3571 Sava,
1210 3507 1300 3574 Siegel
1318 3507 1344 3558 d.

147 3602 238 3647 onan.
250 3596 401 3662 Rogantes,
419 3595 445 3648 S.
458 3597 493 3646 84
510 3596 570 3663 mg.
584 3598 625 3647 17.

148 3802 193 3858 57.
249 3802 260 3834 ²
278 3806 333 3855 Abt
344 3804 464 3855 Budmar
483 3805 549 3855 1174
569 3820 608 3856 ca.
621 3804 700 3855 Ende
717 3805 867 3855 December
885 3832 916 3842 —
936 3805 1034 3869 †1aoo
1047 3805 1122 3855 Mars
1134 3806 1150 3854 3
1163 3804 1212 3871 (St.
1225 3803 1346 3855 Andrtsr

148 3891 281 3959 Nscrolog
309 3894 347 3942 im
375 3891 475 3942 Archiv
502 3892 520 3942 f.
545 3898 637 3943 osterr.
663 3892 823 3944 Gsschichte
848 3892 922 3952 XIX,
949 3893 1010 3953 400,
1037 3891 1227 3958 Necrologium
1253 3891 1344 3943 Wind-

148 3977 277 4044 bergense
300 3979 330 4028 in
353 3978 426 4028 Mon.
443 3978 521 4028 boica
543 3978 616 4041 xlv,
640 3980 674 4028 94
697 3995 723 4029 u.
742 3979 842 4028 Archiv
860 3979 878 4029 f.
896 3985 987 4029 ostem.
1006 3977 1167 4031 Gesohichte
1177 3979 1274 4039 LXVI,
1294 3979 1344 4028 857

149 4063 272 4133 Aumb).
308 4093 335 4102 -
369 4061 504 4127 'Karlim
523 4067 539 4114 2
558 4082 597 4116 nr.
611 4067 636 4127 2,
656 4067 688 4116 le
707 4083 745 4117 nr.
759 4068 802 4129 bl,
822 4069 856 4117 24
874 4082 915 4116 nr.
928 4068 971 4132 85,
989 4067 1021 4116 31
1041 4082 1081 4116 nr.
1097 4067 1154 4116 llo.
1185 4093 1219 4104 —
1245 4061 1345 4116 ⁸Statt

149 4152 304 4215 Heinricus3
327 4152 426 4202 beruht
448 4152 498 4203 auf
518 4153 607 4203 sinam
623 4152 762 4204 Versehen
785 4153 831 4204 dos
855 4151 1023 4216 Schreibers3
1047 4153 1117 4202 denn
1140 4150 1261 4203 dersolbe
1278 4151 1345 4202 wird

148 4239 178 4289 in
196 4240 263 4291 zuei
280 4238 392 4291 seitlich
409 4238 473 4290 bald
491 4238 728 4306 darauffolgenden
747 4240 897 4292 Urkunden
914 4240 1061 4290 Heinricus
1079 4244 1199 4305 genannt
1216 4237 1344 4305 (Meillsr,

149 4326 347 4393 Bsbenbelteg.
366 4326 394 4378 S.
406 4327 439 4377 77
457 4342 498 4377 nr.
512 4329 529 4376 4
546 4342 573 4377 u.
591 4325 617 4377 S.
632 4328 664 4377 78
683 4343 722 4377 nr.
737 4327 772 4395 7).
