3400 5350
353 415 416 481 100

353 607 386 672 Si
411 606 544 693 quidem
567 605 738 691 diligenter
765 607 918 692 inspectis
944 608 1033 691 prius
1061 608 1313 670 circumstanciis
1341 607 1485 691 parcium
1513 614 1545 669 et

352 713 473 777 meritis
489 732 659 775 causarum
674 710 736 775 hoc
752 709 847 775 modo
862 712 1007 795 aggressi
1024 732 1134 775 sumus
1149 710 1316 775 arbitrium
1332 708 1545 774 decernentes

352 840 373 880 a
394 816 561 902 principio,
586 813 673 902 quod
696 824 804 900 partes
826 817 912 879 omni
934 814 979 878 liti
1002 824 1098 879 antea
1121 813 1230 879 habite
1257 814 1487 879 renunciarunt
1514 821 1546 877 et

352 917 418 984 fide
441 918 519 984 data
540 921 681 984 vicissim
704 940 739 983 se
762 917 942 1003 obligarent
962 918 1026 982 XL
1049 916 1139 982 libris
1163 917 1327 982 Winensis
1349 925 1487 1000 monete,
1511 926 1546 981 ut

352 1023 507 1110 quicquid
529 1022 769 1106 arbitraremur,
792 1030 897 1086 ratum
920 1020 1079 1086 haberent
1100 1044 1161 1086 neo
1177 1025 1327 1107 cuiquam
1349 1020 1429 1086 illud
1449 1020 1547 1086 liceat

353 1127 540 1192 rescindere
562 1126 615 1192 vel
636 1129 817 1209 immutare,
841 1126 902 1190 nisi
924 1125 1008 1190 forte
1031 1135 1143 1190 contra
1174 1126 1340 1191 decremm
1368 1126 1468 1190 nostri
1497 1147 1545 1189 ar

354 1231 440 1296 bitrii
463 1232 620 1316 veniatur,
649 1239 684 1296 ut
710 1229 794 1294 infra
821 1229 1013 1294 notabimus.
1044 1229 1174 1294 Deinde
1203 1233 1381 1314 statuimus,
1411 1240 1446 1294 ut
1475 1251 1546 1315 pre·

353 1336 438 1400 fatus
460 1334 563 1399 abbas
586 1333 627 1398 de
655 1334 850 1400 Sitansteten
881 1342 913 1397 et
941 1335 990 1397 sui
1012 1355 1215 1399 successores
1245 1332 1374 1420 plenum
1396 1336 1446 1398 ius
1476 1355 1546 1419 pre·

355 1438 505 1504 sentandi
520 1440 553 1503 in
569 1436 657 1502 dicta
672 1436 797 1523 capella
811 1437 928 1502 Elsarn
951 1440 1079 1503 racione
1102 1447 1290 1524 patronatus
1305 1441 1338 1502 in
1353 1445 1545 1523 perpetuum

356 1542 508 1608 habeant.
543 1541 695 1607 Almarus
718 1563 845 1628 quoque
862 1541 1024 1626 sacerdos,
1040 1542 1147 1629 quoad
1164 1544 1292 1627 vixerit,
1317 1544 1423 1629 quiete
1438 1550 1548 1606 teneat

353 1647 440 1712 illam
463 1657 611 1733 excepto,
634 1644 720 1732 qnod
736 1645 926 1711 arbitratum
949 1656 1006 1727 est,
1021 1659 1057 1713 ut
1070 1648 1198 1712 interim
1212 1669 1272 1733 per
1286 1645 1428 1730 singulos
1443 1666 1546 1709 annos

354 1754 388 1818 in
419 1751 471 1817 die
501 1753 604 1817 sancti
627 1749 818 1816 Micbahelis
849 1750 1016 1815 dimidium
1048 1737 1204 1817 talentum
1227 1751 1391 1817 Winensis
1417 1760 1546 1814 monete

354 1855 494 1943 plebano
517 1855 558 1920 de
574 1854 730 1920 Mulbach
754 1853 927 1940 persolvat,
950 1855 1036 1941 quod
1053 1858 1079 1920 si
1094 1854 1258 1942 negligere
1273 1856 1419 1938 voluerit,
1442 1854 1546 1919 abbas

355 1960 397 2025 de
409 1960 616 2046 Sytansteten
628 1958 669 2024 de
685 1957 804 2044 prediis
820 1959 946 2045 prefate
961 1958 1085 2044 capelle
1098 1958 1190 2025 dabit
1200 1959 1337 2025 eandem
1348 1960 1545 2044 pensionem,

353 2066 423 2151 ipse
445 2075 553 2129 autem
576 2062 728 2128 Almarus
750 2064 834 2127 sicut
860 2072 956 2127 antea
983 2065 1015 2126 in
1043 2062 1160 2128 debitis
1190 2065 1334 2128 serviciis
1363 2062 1476 2128 abbati
1505 2061 1547 2126 de

355 2169 562 2255 Sytanstetan
582 2167 755 2232 tenebitur
784 2165 952 2231 obnoxius.
1004 2167 1158 2233 Preterea
1188 2170 1381 2251 censuimus,
1411 2178 1446 2231 ut
1475 2175 1547 2253 post

355 2282 491 2338 mortem
513 2294 591 2358 sepe
615 2271 691 2336 dicti
713 2270 838 2336 Almari
861 2269 1056 2335 Cbunradus
1078 2271 1237 2358 plebanus
1266 2271 1307 2337 de
1330 2270 1485 2336 Mulbach
1515 2280 1547 2334 et

355 2380 405 2442 sui
426 2396 630 2442 successores
652 2377 787 2461 recipiat
808 2384 1011 2461 pretaxatam
1039 2375 1195 2462 capellam
1219 2375 1259 2440 de
1290 2399 1388 2441 manu
1418 2374 1546 2440 abbatis

355 2480 397 2545 de
420 2480 629 2567 Sytansteten
650 2488 775 2544 tantum
802 2501 876 2544 eum
904 2481 1094 2563 attinenciis,
1121 2501 1185 2565 que
1214 2489 1469 2566 prememoratus
1492 2479 1546 2544 Al·

355 2607 465 2650 marns
488 2582 641 2649 sacerdos
656 2594 799 2669 tempore
815 2582 939 2648 arbitrii
954 2587 1060 2669 quiete
1075 2584 1265 2670 possederat
1279 2606 1340 2650 nec
1355 2587 1424 2670 ipse
1440 2605 1545 2670 neque

355 2690 470 2775 aliquis
493 2711 717 2754 successorum
740 2710 870 2753 suorum
889 2691 939 2753 ius
954 2687 1085 2775 petendi
1100 2688 1220 2755 babeat
1235 2688 1355 2776 aliquid
1371 2689 1411 2755 de
1428 2689 1546 2775 prediis

356 2797 422 2859 suis
446 2796 477 2858 in
493 2793 708 2879 Tulbingen,²
730 2815 793 2879 qne
809 2815 873 2857 non
889 2794 1005 2857 intuitu
1020 2791 1142 2879 capelle
1158 2793 1304 2877 Elsaru,³
1319 2793 1375 2859 sed
1392 2793 1546 2880 singulari

355 2898 533 2964 donacione
556 2897 676 2962 domini
700 2897 866 2982 Reinperti
888 2896 1067 2961 fundatoris
1091 2898 1235 2963 eiusdem
1259 2898 1301 2963 ad
1325 2897 1545 2985 Sytastetense

353 3002 524 3068 cenobium
545 3000 676 3067 fuerunt
699 2999 859 3066 devoluta.
897 3000 1129 3066 Verumtamen
1156 3001 1217 3066 hoc
1240 3024 1405 3067 annexum
1436 3011 1485 3067 est
1513 3004 1544 3065 in

354 3109 511 3193 premisso
534 3104 675 3188 arbitrio,
697 3116 734 3170 nt
755 3126 832 3191 sepe
863 3106 1045 3169 nominatus
1067 3104 1290 3191 O(hunradus)
1318 3105 1478 3192 plebanus
1505 3105 1546 3170 de

355 3210 510 3276 Mnlbach
534 3219 566 3274 et
588 3211 637 3273 sui
659 3230 863 3274 successores
886 3207 1013 3273 solvant
1034 3212 1200 3274 annuatim
1228 3209 1339 3275 abbati
1367 3208 1408 3274 de
1431 3209 1546 3296 Sytan-

355 3323 457 3380 steten
481 3316 513 3378 in
537 3313 617 3378 festo
640 3314 743 3377 sancti
766 3310 969 3398 Mychahelis
991 3312 1059 3377 XII
1081 3313 1198 3377 solidos
1222 3314 1386 3379 Winensis
1407 3323 1545 3397 monete,

355 3420 486 3503 insuper
509 3418 729 3483 reverenciam
754 3426 786 3481 et
807 3415 961 3481 honorem
977 3416 1122 3483 debitum
1145 3427 1177 3482 et
1192 3417 1317 3504 largam
1332 3428 1365 3483 et
1379 3416 1546 3483 honestam

356 3520 593 3587 exhibicionem
617 3522 762 3607 hospicii,
786 3531 881 3607 prout
904 3524 1055 3607 competit
1073 3530 1161 3587 tante
1176 3545 1323 3609 persone,
1340 3521 1470 3587 studeat
1492 3525 1546 3588 im-

355 3625 509 3714 pendere.
549 3624 645 3707 Quod
679 3629 706 3689 si
739 3627 838 3690 tercio
873 3628 1083 3691 commonitus
1119 3629 1350 3691 contumaciter
1378 3626 1547 3712 negligens

353 3730 504 3796 fueritin
527 3729 681 3795 solvendo
703 3730 871 3816 premissa,
894 3727 1053 3794 beneficio
1076 3752 1152 3817 sepe
1169 3740 1343 3796 memorate
1366 3730 1490 3816 capelle
1513 3733 1545 3795 in

354 3833 514 3920 reliquum
535 3843 661 3921 tempus
684 3844 802 3899 careat.
837 3834 887 3898 Ne
911 3837 982 3920 quis
1004 3844 1113 3900 autem
1134 3837 1167 3899 in
1189 3845 1353 3921 posterum
1375 3835 1461 3899 hane
1484 3834 1546 3899 for-

356 3961 443 4005 mam
475 3940 574 4003 nostri
607 3939 730 4005 arbitrii
767 3960 848 4004 ausu
885 3941 1054 4004 temerario
1088 3941 1262 4024 infringere
1297 3948 1462 4025 presumat
1493 3948 1549 4005 aut

355 4042 487 4126 violare,
521 4042 631 4127 sigillis
665 4045 781 4108 nostris
815 4065 888 4108 eam
920 4045 1045 4108 munire
1081 4042 1285 4108 decrevimus
1315 4042 1365 4106 his
1395 4040 1547 4108 adiuncto

355 4147 458 4234 sigillo
482 4146 601 4213 domini
624 4145 742 4212 Olrici·
764 4147 966 4212 Pataviensis
989 4149 1142 4235 episcopi,
1166 4149 1267 4212 cuius'
1283 4148 1360 4212 facti
1382 4147 1467 4212 infra
1494 4170 1546 4211 no·

353 4253 412 4317 tati
444 4261 520 4316 sunt
551 4260 664 4317 testes:
697 4250 854 4316 Albertus
889 4250 930 4316 de
964 4250 1102 4318 Obliube
1142 4250 1316 4338 plebanus,
1352 4248 1545 4317 Chunradus

351 4450 403 4534 'aa
461 4479 523 4531 -a

459 4597 470 4630 ¹
487 4601 606 4668 Tulbing
624 4602 770 4653 stidostlicb
789 4617 842 4651 von
861 4600 952 4663 Tulln,
970 4602 1003 4651 V.
1016 4602 1047 4652 Ο.
1059 4602 1100 4652 W.
1110 4601 1153 4652 W.
1167 4629 1199 4638 -
1217 4599 1229 4632 ⁸
1247 4601 1355 4666 Elearn,
1374 4601 1406 4652 V.
1417 4601 1545 4665 U.M.B.,

356 4686 478 4739 nardum
496 4704 549 4740 von
566 4688 733 4741 Hademdori
747 4704 791 4739 am
809 4689 906 4755 Kamp.
