3400 5350
337 384 401 449 234

337 589 405 642 tum
436 576 479 642 ad
510 578 719 642 intentionem
749 578 891 650 canonis,
923 599 1020 663 quam
1050 577 1093 643 ad
1122 578 1297 643 verborum
1319 579 1462 665 speciem
1485 601 1535 643 re·

335 681 503 747 flectentes
536 684 683 768 inspecta
717 691 773 747 tua
805 681 974 747 honestate
1007 685 1170 768 praesenti
1204 692 1236 747 et
1272 682 1535 749 commendanda

336 788 475 874 imagine
497 786 678 852 futurorum
701 795 819 869 tecum,
841 796 879 851 ut
901 786 1154 853 ecclesiasticum
1177 787 1372 853 beneficium
1394 789 1453 854 tibi
1476 790 1532 855 ob

334 890 435 956 latum
470 889 593 956 scilicet
624 889 796 956 ecclesiam
827 890 967 957 Sanctae
990 891 1192 957 Petronellae
1214 893 1414 958 Pataviensis
1445 893 1532 959 dioe-

336 996 418 1060 cesis
451 1017 517 1060 non
550 994 698 1060 obstante
730 993 897 1080 praedicto
928 996 1058 1062 defectu
1087 998 1201 1061 aetatis
1235 999 1337 1082 possis
1370 999 1529 1084 recipere,

333 1107 401 1164 tam
423 1098 543 1164 utiliter
565 1120 663 1184 quam
682 1099 933 1164 misericorditer
948 1099 1182 1186 dispensamus,
1206 1122 1280 1165 cum
1296 1100 1412 1166 eadem
1428 1101 1530 1166 cccle-

334 1204 382 1267 sia
404 1225 479 1268 cum
501 1202 598 1267 rebus
622 1202 683 1267 sibi
705 1202 953 1269 cohaerentibus
976 1214 1089 1289 perte
1104 1203 1217 1269 melius
1234 1203 1396 1270 defensari
1410 1206 1529 1291 valeat,

333 1316 433 1394 tuque
456 1307 618 1372 decimum
641 1317 791 1373 octavum
813 1330 934 1374 annum
957 1308 1169 1394 complevisse
1192 1306 1321 1391 dicaris,
1344 1331 1384 1373 ac
1404 1320 1459 1375 tuo
1475 1309 1528 1375 de·

333 1410 450 1476 siderio
473 1433 587 1497 preces
610 1410 775 1476 diocesani
798 1414 941 1499 episcopi
962 1412 1190 1497 suffragentur,
1214 1415 1448 1478 committentes
1474 1436 1528 1478 ve·

336 1515 472 1581 ncrabili
495 1515 586 1581 fratri
601 1515 713 1582 abbati
727 1515 944 1583 Cothwicensi
960 1518 1161 1582 Pataviensis
1178 1516 1344 1593 dioecesis,
1368 1528 1527 1604 quatenus

335 1618 377 1684 de
399 1641 533 1685 assensu
556 1629 589 1684 et
610 1621 800 1685 auctoritate
823 1619 976 1685 ordinarii
997 1619 1104 1685 eidem
1119 1621 1276 1686 ecclesiae
1291 1621 1400 1705 faciat,
1423 1621 1528 1687 donec

331 1724 374 1789 ad
405 1734 526 1790 statuta
554 1724 786 1812 presbyteralis
814 1724 935 1790 ordinis
956 1736 1104 1812 tempora
1126 1727 1358 1812 [pervenias]‚·
1380 1749 1439 1812 per
1460 1726 1526 1791 ido-

331 1852 428 1895 neum
457 1831 614 1895 vicarium
644 1829 816 1915 provideri.
864 1831 903 1895 In
934 1830 1051 1917 quibus
1081 1830 1289 1916 temporibus,
1324 1833 1350 1895 si
1381 1829 1529 1896 ordinem

330 1956 497 1998 annexum
524 1933 683 1999 beneficio
713 1955 777 1999 non
806 1935 1031 2020 assumpseris,
1065 1944 1270 2021 praesentem
1302 1943 1432 1999 nostrae
1465 1932 1527 1999 dis·

329 2039 524 2124 pausationis
546 2041 683 2125 gratiam
705 2038 853 2104 volumus
876 2041 961 2104 omni
983 2038 1100 2104 robore
1122 2040 1266 2105 vacuari.

368 2173 374 2185 ’
434 2177 673 2243 Ueberschrift:
697 2175 851 2258 ,Conradi
874 2177 1108 2264 archiepiscopi
1124 2176 1380 2264 salisburgensis
1400 2176 1526 2262 dispen-

331 2283 411 2346 satio
441 2285 474 2346 in
504 2284 616 2348 aetatis
652 2284 827 2347 canonicae
858 2282 988 2348 defectu
1017 2283 1104 2349 facta
1133 2282 1272 2369 plebano
1294 2280 1526 2347 Petronellensi

331 2385 374 2450 ab
398 2385 517 2451 abbate
542 2387 737 2452 Gotwioensi
759 2396 974 2472 praesentato.

375 2647 455 2716 221.
1078 2653 1161 2712 130⁰
1175 2653 1238 2710 lull
1254 2653 1305 2719 25,
1323 2653 1479 2725 Gottwclg.

329 2840 395 2906 not
420 2839 576 2905 Heinm'el
595 2838 620 2903 I
623 2839 657 2904 V.
681 2859 742 2904 coa
768 2836 922 2922 Gottweiy
947 2838 1110 2923 ibetrdgt
1135 2839 1275 2904 Konrod
1299 2858 1361 2902 coa
1383 2837 1522 2921 Wolfera

528 2943 611 3009 reith
633 2943 789 3009 benenate
810 2943 946 3009 Zeheote
968 2944 1016 3008 als
1038 2943 1184 3010 erblicbes
1206 2944 1321 3010 Lelren.

434 3137 506 3203 Orig.
520 3135 575 3204 (A),
593 3137 670 3203 Perg.
707 3136 785 3188 Obne
803 3135 900 3202 Siegel.

433 3259 516 3311 Disce
532 3259 663 3310 Urkuudc
681 3260 716 3309 ist
733 3274 786 3309 von
805 3259 874 3309 oben
892 3258 934 3308 bis
951 3263 1035 3309 unten
1053 3256 1271 3310 durcbscbnittcn
1288 3257 1344 3309 und
1361 3260 1432 3324 trllgt
1449 3257 1525 3309 deut·

331 3345 386 3395 lich
410 3345 453 3395 dic
476 3346 582 3411 Spurcn
611 3347 685 3397 siner
711 3348 835 3411 spbtsrcu
859 3344 1027 3411 Einbcftung
1048 3345 1088 3396 als
1110 3345 1256 3396 Declrblatt
1280 3347 1307 3395 in
1335 3347 1414 3395 einen
1437 3344 1528 3395 Codex

331 3449 367 3484 an
394 3432 459 3482 sich.
496 3433 540 3484 Sia
564 3434 636 3499 acigt
657 3448 701 3483 am
719 3433 795 3497 Bugc
815 3431 844 3497 je
868 3434 934 3482 awai
961 3431 1131 3483 Einschnitts
1159 3449 1207 3483 aur
1233 3432 1403 3499 Auhtngung
1430 3433 1527 3483 aweier

331 3518 430 3584 Siegel‚
460 3518 562 3570 welche
585 3518 683 3584 jedoch
710 3518 798 3569 sicher
824 3518 963 3569 erkeunen
991 3519 1088 3582 lassen,
1117 3519 1178 3570 dass
1205 3519 1318 3570 uiemals
1344 3518 1525 3569 thatsachlicb

332 3604 422 3671 Siegcl
441 3604 523 3656 daran
545 3607 686 3673 gebangen
707 3605 804 3657 haben.
840 3606 936 3656 Dicaer
955 3606 1095 3669 Umstaud‚
1116 3607 1198 3656 sowic
1220 3607 1265 3657 die
1282 3606 1526 3673 Regclmtssigkcit

330 3692 377 3741 der
404 3691 503 3742 Schrift
529 3694 657 3758 nothigcn
684 3708 718 3742 au
745 3692 805 3743 dem
838 3692 972 3757 Schinae,
1000 3693 1060 3743 dass
1087 3694 1136 3743 wir
1161 3708 1190 3743 es
1217 3695 1266 3743 mit
1293 3695 1380 3744 sinem
1408 3693 1449 3743 bis
1477 3692 1528 3743 auf

329 3778 373 3829 dic
391 3779 571 3845 Bcsiegelung
589 3779 760 3831 vollcndcten
778 3779 919 3846 Originale
938 3795 972 3829 au
989 3780 1056 3830 thun
1075 3779 1171 3841 haben,
1190 3781 1237 3830 das
1255 3782 1300 3831 nie
1318 3794 1353 3830 an
1371 3779 1415 3830 die
1432 3780 1524 3830 Partci

328 3865 525 3933 ausgebltndigt
542 3866 641 3917 warde.

433 4040 500 4107 Nos
523 4040 696 4106 Heinricus
727 4039 780 4106 dci
811 4042 922 4126 gracia
951 4039 1054 4105 abbas
1084 4049 1234 4126 totusque
1261 4049 1439 4106 conventus
1461 4038 1523 4103 fra·

328 4144 415 4209 frum
444 4147 627 4210 monasterii
649 4144 881 4210 Chotwiccnsis
910 4156 1020 4210 tenore
1050 4146 1255 4231 presencium
1280 4143 1469 4230 profitemur
1492 4151 1524 4207 et

329 4260 476 4316 constare
506 4250 686 4316 rollumus·
717 4252 888 4333 universis,
918 4249 1004 4335 quod
1036 4271 1110 4314 cum
1132 4247 1235 4312 felicis
1258 4244 1523 4333 recor[d]ocionis

329 4354 476 4421 dominus
499 4353 707 4433 Helmwicus,
730 4352 895 4440 quondam
918 4352 1020 4417 abbas
1044 4351 1284 4435 Ohotwicensis‚
1312 4351 1524 4436 predecessor

329 4579 398 4635 220.
436 4594 449 4616 ·
467 4582 542 4634 Nacb
561 4583 621 4633 dem
639 4582 723 4633 Sinna
741 4585 859 4647 orginat.

330 4666 395 4721 221.
435 4680 448 4702 ·
465 4671 496 4721 Δ.
