3400 5350
352 395 414 460 148

349 586 420 652 ibrc
448 585 661 668 Beeitatmyeo
692 584 741 649 bei
769 582 934 666 Himberp,
964 583 1001 647 ia
1030 581 1220 664 Pellendorf
1235 582 1303 646 aad
1324 579 1554 661 chaeredorf

867 686 1030 771 absorbes.

455 830 528 897 Orig.
541 828 596 898 (Δ),
613 830 689 896 Per-g.
716 828 806 895 Siegel
824 844 859 880 an
878 829 954 880 einer
971 828 1151 894 gelbgrdnen
1163 826 1362 879 Seideusehnnr
1380 824 1547 892 abgelallen;

352 919 435 985 Copia
453 919 481 968 in
500 915 599 969 Godc
616 917 635 967 f.
648 913 732 967 281't.
747 916 800 983 (B).

455 1039 561 1102 Kariin,
578 1040 629 1089 316
648 1054 687 1089 nr.
702 1040 743 1089 ot.

455 1161 552 1247 filu·
575 1161 703 1225 nomine
727 1168 838 1223 sancte
862 1168 895 1223 et
916 1156 1083 1222 individue
1104 1158 1269 1239 trinitatis3
1293 1178 1397 1222 amen.
1420 1158 1435 1243 ξ
1457 1156 1549 1221 Nos'

353 1265 513 1331 Otacarus
544 1264 596 1329 dei
626 1264 738 1348 gracia
760 1284 820 1326 rex
843 1263 987 1345 Boemie,
1018 1261 1086 1338 dux
1110 1261 1240 1327 Austrie
1263 1270 1296 1326 et
1317 1260 1435 1347 Styrie,
1465 1282 1548 1325 mar·

356 1370 428 1434 chio
452 1369 609 1452 Moravie,
637 1366 785 1433 omnibus
807 1369 839 1431 in
862 1376 1064 1453 perpetuum.
1101 1365 1172 1430 Etsi
1193 1367 1352 1430 universis
1373 1377 1481 1430 nostre
1504 1364 1550 1429 di·

354 1476 436 1540 cioni
470 1472 622 1539 subiectis
659 1482 808 1538 tenemur
844 1469 1051 1556 benignitatis
1088 1472 1178 1556 regie
1215 1471 1342 1555 gracias
1379 1468 1548 1553 exhibere,

353 1577 515 1663 amplioris
551 1586 661 1643 tamen
696 1578 808 1662 gracie
844 1576 988 1661 insigniis
1027 1574 1140 1660 dignos
1176 1574 1323 1657 facimus,
1362 1595 1442 1660 quos
1479 1576 1550 1638 vita

353 1679 525 1747 laudabilis
539 1678 720 1746 secundum
736 1681 940 1765 exigeneiam
955 1681 1141 1744 meritorum
1160 1677 1204 1743 ad
1224 1677 1406 1744 huiusmodi
1421 1680 1552 1762 gracias

354 1785 454 1850 efficit
475 1786 624 1871 aptiores,
646 1783 829 1871 specialiter
850 1805 929 1849 vero
951 1781 1077 1849 utilitati
1100 1791 1132 1847 et
1155 1782 1322 1848 commodo
1338 1781 1552 1862 ecclesiarum

355 1889 408 1954 dei
430 1911 505 1955 cum
528 1888 700 1975 diligencia
722 1887 892 1954 intendere
914 1886 1031 1974 regalis
1055 1886 1254 1953 excellencie
1276 1886 1419 1952 officium
1441 1910 1462 1951 a
1488 1885 1552 1950 deo

354 1992 446 2058 nobis
480 2014 671 2058 concessum
705 1994 806 2079 exigit
840 2002 872 2057 et
904 1993 1047 2079 requirit.
1095 1989 1302 2078 Quapropter
1331 2014 1406 2057 eum
1435 1989 1553 2077 predia

354 2097 588 2164 venerabilium
622 2099 765 2162 virorum
799 2094 926 2161 abbatis
961 2106 994 2160 et
1027 2104 1204 2161 conventus
1241 2095 1379 2161 ecclesie
1412 2095 1553 2162 Ohotwi·

355 2203 460 2267 censis
482 2224 525 2267 ex
548 2201 712 2267 sterilitate
736 2222 894 2266 annorum
917 2209 949 2265 et
970 2199 1042 2265 aliis
1064 2199 1155 2265 malis
1178 2200 1383 2266 successibus
1406 2200 1554 2266 desolata

355 2304 540 2370 videremus
573 2305 656 2371 adeo
690 2314 722 2370 et
754 2303 885 2388 inculta,
920 2302 1007 2391 quod
1037 2326 1164 2370 summa
1194 2327 1309 2388 avene,
1340 2327 1403 2392 que
1434 2304 1555 2371 dicitur

355 2409 565 2494 marcbfdter,
595 2408 748 2474 videlicet
770 2407 999 2494 quadringenti
1023 2418 1056 2473 et
1078 2410 1311 2496 quinquaginta
1332 2408 1442 2490 modii,
1470 2432 1553 2495 quos

355 2523 577 2579 antecessores
607 2514 705 2578 nostri
736 2512 836 2578 duces
859 2513 991 2578 Austrie
1022 2512 1063 2577 de
1093 2511 1349 2599 possessionibus
1378 2515 1478 2599 ipsius
1502 2535 1553 2577 ec·

357 2617 464 2702 clesie,
495 2639 569 2683 cum
599 2616 707 2683 adhue
737 2619 770 2682 in
803 2616 1034 2704 temporalibus
1066 2619 1170 2704 magis
1204 2616 1445 2703 habundabat,⁰
1482 2617 1554 2684 dari

356 2726 521 2788 annuatim
554 2746 613 2810 pro
647 2726 717 2790 iure
750 2722 949 2789 advocacie¹
983 2725 1196 2808 instituerant,
1230 2746 1294 2790 non
1328 2734 1438 2811 posset
1470 2723 1555 2790 solvi

356 2824 420 2891 ullo
449 2826 555 2911 modo,
587 2829 816 2914 conpacientes
846 2826 992 2893 eiusdem
1023 2827 1159 2893 ecclesie
1189 2829 1296 2915 inopie
1326 2827 1368 2892 ob
1398 2850 1554 2894 reveren·

356 2933 440 2996 ciam
470 2930 524 2997 dei
554 2942 586 2998 et
615 2955 673 2997 sue
704 2931 841 3017 gloriose
872 2934 1045 3016 genitricis,
1077 2934 1129 2997 cui
1158 2931 1295 3019 predicti
1324 2934 1385 2997 viri
1414 2932 1556 2999 militant

357 3038 608 3102 conversacione
630 3036 785 3107 laudabili
809 3046 841 3101 et
863 3036 1008 3120 honesta,
1031 3058 1093 3101 nec
1116 3057 1181 3101 non
1203 3034 1244 3101 ob
1267 3038 1382 3102 merita
1404 3040 1557 3121 graciosa

356 3143 576 3225 serviciorum,
608 3162 671 3226 que
694 3139 786 3205 nobis
809 3139 957 3206 exhibuit
978 3138 1174 3206 venerabilis
1197 3140 1342 3206 eiusdem
1369 3141 1432 3205 loci
1454 3141 1556 3207 Heln·

359 3246 462 3310 wicus
485 3244 589 3310 abbas
612 3243 655 3308 ad
678 3246 871 3309 instanciam
893 3266 1023 3332 quoque
1042 3245 1209 3331 peticionis
1224 3252 1256 3310 et
1271 3244 1393 3309 consilii
1407 3244 1557 3311 fidebam

356 3357 537 3413 nostrorum
559 3347 714 3414 nobilium
729 3347 862 3413 Austris
885 3346 991 3419 eidem
1015 3347 1151 3413 ecclesie
1173 3347 1389 3415 Chotwicensi
1406 3352 1559 3434 graciam

357 3451 610 3536 benefecimus,
638 3450 725 3537 quod
748 3434 902 3517 relaxatis
924 3454 1091 3517 annuatim
1114 3450 1155 3517 de
1178 3452 1325 3538 predicta
1347 3474 1474 3518 summa
1498 3453 1558 3518 du-

358 3556 460 3619 centis
490 3563 523 3619 et
553 3556 786 3640 quinquaginta
815 3555 927 3620 modiis
959 3555 1093 3642 singulis
1122 3558 1215 3621 annis
1245 3556 1401 3623 ducentos
1429 3557 1559 3623 modios

357 3660 389 3723 in
412 3668 478 3724 toto
501 3657 705 3724 decrevimus
728 3669 901 3746 acceptare
924 3662 968 3726 ita
991 3669 1110 3744 tamen,
1133 3669 1169 3725 ut
1190 3661 1339 3747 predicta
1361 3661 1500 3727 ecclesia
1522 3665 1559 3728 in

358 3764 424 3827 suis
454 3761 575 3848 prediis
597 3761 798 3849 plenitudine
820 3766 898 3829 iuris
921 3787 980 3851 per
1002 3774 1225 3830 antecessores
1247 3775 1372 3831 nostros
1395 3765 1456 3830 sibi
1481 3788 1559 3832 con·

358 3867 441 3931 cessi
463 3876 496 3932 et
519 3864 627 3932 debita
649 3866 875 3933 nichilominus
896 3867 1039 3954 gaudeat
1061 3867 1219 3934 libertate.
1265 3869 1304 3934 In
1327 3869 1422 3935 huius
1444 3872 1559 3956 itaque

358 3972 467 4057 gracie
497 3973 834 4058 recompensacionem
864 3972 1001 4057 predicti
1030 3973 1147 4039 fratres
1179 3973 1282 4040 abbas
1313 3984 1345 4040 et
1375 3986 1560 4040 conventus

358 4075 503 4140 eiusdem
525 4074 587 4141 loci
610 4075 652 4141 de
675 4079 835 4142 communi
859 4098 1018 4143 consensu
1033 4088 1201 4144 cesserunt
1215 4081 1286 4163 iuri,
1310 4078 1397 4165 quod
1412 4081 1444 4142 in
1461 4078 1561 4145 bonis

358 4181 424 4245 suis
454 4178 603 4244 omnibus
634 4181 721 4245 circa
743 4179 923 4267 Himperch
953 4181 1106 4247 videlicet
1127 4181 1317 4248 Pellendorf
1339 4192 1373 4247 et
1394 4182 1560 4248 Honeins-

360 4284 453 4349 dorf²
475 4283 597 4349 habere
620 4283 839 4350 noscebantur
862 4284 986 4370 dantes,
1004 4284 1096 4351 nobis
1118 4309 1216 4372 super
1232 4286 1318 4351 dicta
1334 4289 1480 4353 cessione
1496 4309 1561 4353 sua

359 4455 423 4512 149.
461 4458 875 4526 ⁸Ials1nitialeausgelrthrt
895 4488 927 4498 -
945 4462 959 4494 b
978 4460 1008 4511 N
1023 4460 1063 4512 als
1081 4460 1191 4512 Initiale
1209 4461 1374 4526 ansgefflhrt
1395 4488 1426 4499 -
1446 4470 1459 4495 ·
1477 4463 1510 4515 Δ.

465 4580 475 4612 ¹
493 4582 618 4649 Beitrttge
636 4600 659 4633 a.
673 4582 769 4634 Geselr.
782 4582 829 4634 der
846 4582 1032 4635 Finanaverw.
1045 4585 1073 4633 in
1092 4583 1206 4633 Oesterr.
1220 4584 1248 4633 in
1267 4582 1292 4633 d.
1304 4583 1392 4634 Mittlr.
1409 4583 1434 4634 d.
1454 4585 1520 4635 lust
1540 4585 1563 4636 f.

360 4674 451 4719 ostem.
464 4669 680 4722 usses-Ponet.
699 4670 799 4733 xvm,
817 4671 878 4723 239,
914 4697 947 4707 -
983 4667 995 4701 ¹
1013 4670 1104 4721 Ueber
1121 4668 1173 4719 den
1191 4669 1302 4721 Erwerb
1319 4669 1375 4721 und
1394 4669 1439 4720 dis
1459 4672 1564 4723 Grosee
