3400 5350
1252 423 1314 490 127

125 619 204 684 verit
226 617 354 682 dilectio
376 624 496 702 vestra,
520 616 606 704 quod
630 638 763 682 causam
785 616 997 703 appelationis
1020 640 1063 682 ex
1078 628 1170 705 parte
1186 617 1315 684 abbatis

123 721 350 790 Ohotvvicensis
380 731 493 786 contra
522 720 675 786 abbatem
697 722 873 786 Rotenscm
899 744 998 808 super
1020 722 1258 808 possesionibus
1281 726 1315 789 iu

124 825 253 892 vaarza
284 825 432 913 partibus
466 847 575 891 coram
608 825 702 892 nobis
736 829 915 892 constitutis
945 826 1118 912 diligenter
1147 831 1310 894 examina·

124 934 224 998 vimus
248 941 281 997 et
302 931 479 1018 legitimam
501 932 600 997 fuisse
622 930 845 997 iudicavimus.
879 931 1042 1018 Quicquid
1058 954 1136 1019 ergo
1159 955 1198 998 ea
1220 935 1315 999 inter·

124 1039 223 1123 posita
253 1036 489 1122 adtemptatum
518 1036 578 1102 fuit
606 1057 667 1122 per
696 1038 881 1102 missionem
903 1039 936 1101 in
958 1038 1194 1122 possessionem
1216 1037 1313 1103 bono-

123 1164 200 1224 rum,
228 1143 263 1205 iu
285 1143 410 1207 irritum
431 1142 668 1206 revocavimus.
714 1140 914 1207 Auctoritate
936 1142 1034 1226 igitur
1056 1142 1148 1207 uobis
1171 1144 1314 1208 iniuncta

124 1246 212 1311 vobis
236 1245 380 1312 districte
402 1248 610 1333 precipimus,
633 1255 669 1311 ut
689 1245 733 1310 ad
757 1245 889 1312 easdem
911 1245 1003 1311 villas
1026 1246 1190 1312 accedatis
1214 1246 1314 1311 etho

124 1350 262 1416 minibus
285 1350 345 1416 sub
369 1372 454 1436 pena
477 1351 824 1415 excommunicacionis
846 1350 1017 1435 mandetis,
1040 1373 1082 1416 ue
1103 1351 1146 1416 ad
1161 1350 1314 1417 abbatem

124 1454 294 1521 Rotenscm
316 1454 458 1542 aliquem
479 1454 623 1520 habeant
643 1464 839 1541 respectum,
863 1455 921 1521 sed
945 1455 1056 1521 abbati
1079 1454 1314 1522 Ohotevv'ioensi

124 1569 153 1624 et
184 1562 251 1625 suis
285 1558 477 1625 officialibus
508 1559 671 1645 obediant,
705 1562 849 1624 serviant
879 1570 911 1625 et
940 1560 1119 1626 secundum
1150 1563 1315 1647 antiquam

125 1664 389 1729 consuetudinem
403 1664 633 1751 obsequantur.
664 1663 842 1730 Advocatis
866 1685 993 1751 quoque
1017 1664 1146 1730 domino
1161 1665 1315 1731 Heinrico

126 1778 154 1834 et
174 1767 313 1856 0(ff0ni)
343 1769 435 1834 fratri
465 1791 524 1848 suo
554 1769 596 1834 de
617 1770 714 1834 Pvtin
741 1772 932 1834 auctoritate
955 1770 1129 1855 apostolica
1153 1770 1315 1835 districtis·

126 1875 201 1938 sime
229 1875 398 1960 precipite,
432 1883 469 1939 ut
498 1873 652 1939 abbatem
683 1874 859 1939 Rotenscm
888 1873 931 1939 ab
960 1876 1127 1939 invasione
1158 1873 1314 1939 (lhotevvi-

126 1980 224 2043 censis
257 1980 442 2044 monasterii
471 1980 506 2043 iu
535 1978 656 2044 eisdem
682 1977 774 2044 bouis
797 1988 1007 2064 compescant
1030 1987 1062 2043 et
1082 1977 1205 2043 nullam
1227 1977 1315 2043 dein·

127 2102 198 2168 ceps
228 2083 296 2147 vim
325 2082 428 2148 infore
458 2084 646 2169 permittant
676 2093 708 2148 et
735 2085 763 2148 si
790 2082 868 2168 quid
890 2091 1050 2148 retentum
1075 2091 1124 2146 est
1146 2084 1327 2148 occasione*

126 2184 215 2251 huius
227 2186 447 2271 dissensionis,
462 2185 573 2252 abbati
584 2186 822 2253 Chotewicensi
833 2209 908 2252 cum
920 2188 1103 2273 integritate
1118 2188 1314 2252 restituatur.

222 2398 289 2448 Drei
308 2396 398 2464 siagev
417 2369 580 2464 smirna
591 2397 642 2464 (nr.
656 2397 726 2464 115).

169 2655 241 2725 118.
938 2664 1019 2724 1237
1036 2665 1158 2732 dduner,
1174 2665 1271 2723 Wton.

130 2863 242 2933 Kaisar
255 2867 428 2934 Friedrich
441 2868 490 2934 ΙΙ.
507 2870 621 2935 nimmt
640 2870 699 2935 das
714 2869 966 2953 aristocreon
985 2871 1044 2934 mit
1063 2872 1179 2935 aaran
1192 2890 1316 2953 parason

328 2973 456 3039 Besitrc
476 2975 512 3040 ia
534 2976 642 3040 seim
662 2974 731 3039 aad
753 2975 807 3041 dea
828 2973 959 3040 Reicies
981 2974 1107 3040 Sobata.

226 3185 298 3252 Orig.
316 3185 371 3252 (A),
393 3186 470 3252 Perg.
507 3185 598 3252 Siegel
621 3186 688 3236 nach
712 3185 854 3238 Bulleuart
876 3201 911 3236 an
934 3187 1009 3237 einer
1026 3186 1184 3252 rothgalbeu
1202 3185 1312 3239 Salden-

135 3268 222 3321 schnur
238 3272 404 3340 ungebdugt3
423 3272 507 3339 Copie
524 3274 553 3323 iu
572 3272 670 3324 eodo
688 3273 706 3325 f.
720 3274 770 3323 282
783 3272 840 3339 (B).

227 3412 326 3477 Romal,
349 3412 473 3464 Chronic.
492 3412 587 3464 θοὴν.
606 3414 627 3475 Ι,
645 3413 703 3464 Tel.
716 3412 751 3464 ad
763 3415 824 3475 421,
842 3412 999 3477 Facsimi103
1023 3412 1127 3474 Karlin,
1150 3414 1201 3463 309
1220 3429 1259 3464 ur.
1272 3414 1314 3463 44.

227 3602 464 3689 Fr(idcricus)·
499 3603 552 3669 dei
583 3607 695 3690 gracia
728 3606 946 3671 Romanorum
980 3607 1154 3690 imperator
1187 3626 1316 3691 semper

141 3715 287 3791 augustus,
311 3707 490 3774 Ierusalem
505 3718 538 3774 et
553 3708 660 3776 Sicilie
681 3731 753 3777 rex.
783 3710 848 3775 Per
871 3731 1005 3796 presens
1027 3704 1183 3795 scriptum
1205 3719 1317 3775 notum

143 3804 202 3871 fieri
226 3812 371 3878 volumus
398 3814 556 3879 universis
583 3817 710 3900 imperii
731 3814 882 3880 fidelibus
904 3824 970 3880 tam
992 3813 1196 3901 presentibus
1218 3837 1316 3901 quam

144 3907 250 3999 futuris,
282 3917 369 4003 quod
399 3940 458 3983 uos
488 3918 708 3984 venerabilem
738 3918 892 3985 abbatem
922 3918 963 3985 de
990 3918 1157 3985 Chotwio¹
1186 3919 1317 3984 fidelem

146 4077 329 4096 Ἣ

148 4169 303 4232 1170Kirehl.
324 4181 439 4248 Topcgr.
461 4179 505 4250 (V,
533 4182 595 4247 106)
622 4198 649 4233 u.
672 4183 700 4232 in
722 4181 770 4232 der
785 4181 898 4249 Topogr.
916 4197 941 4232 v.
958 4181 1052 4235 N.-Oc.
1069 4182 1129 4249 (ΙΙΙ,
1150 4180 1213 4247 661)
1235 4196 1315 4249 auge·

148 4262 247 4324 sabinen
264 4269 387 4321 Greuzeu
404 4268 620 4336 hinaufgerdckt.

149 4396 196 4453 ¹18·
231 4409 340 4462 ‘Numa
358 4409 399 4461 uls
417 4409 492 4477 Sigle
509 4411 559 4460 mit
577 4410 639 4472 ,Fra
657 4411 840 4478 geschricben.

234 4544 244 4576 ¹
260 4548 323 4601 wir
339 4551 408 4602 noch
426 4550 480 4601 Abt
498 4551 628 4601 Heinrich
641 4551 676 4602 11.
688 4551 770 4602 Dens.
797 4551 858 4601 Von
876 4550 1032 4601 demselben
1050 4549 1182 4601 berichtet
1198 4549 1246 4600 der
1264 4550 1317 4601 Ka·

154 4626 236 4696 “lma
256 4636 393 4688 abbatum:
420 4637 561 4688 Hcs'an'croe
585 4640 665 4688 abbas
687 4654 769 4688 aanor
787 4637 810 4689 V
829 4644 853 4688 ct
875 4655 944 4688 anno
965 4636 1010 4689 VI.
1034 4638 1094 4687 obiit
1117 4639 1144 4686 in
1162 4639 1316 4700 coptioim

154 4709 194 4765 Die
211 4719 380 4793 Behuuptung
403 4725 450 4777 dea
471 4726 595 4778 Janitsch
620 4725 727 4792 (Gssch.
746 4741 771 4776 v.
791 4726 934 4791 Gocwug,
957 4724 983 4776 S.
1001 4721 1056 4791 ³4),
1078 4723 1139 4775 dass
1156 4724 1210 4775 Abt
1231 4726 1316 4776 Hein-
