3400 5350
351 413 416 478 326

351 603 442 686 alter,
476 604 530 688 qui
559 600 659 667 habet
688 598 837 666 ordinare
872 598 913 663 de
948 598 1092 664 vestibus
1126 598 1362 681 defunctorum,
1397 600 1542 684 precium

351 706 459 772 baiulo
494 705 535 770 de
568 707 645 792 ipsis
678 704 823 770 vestibus
858 703 1002 768 defuncti
1035 702 1165 786 tribuat,
1199 704 1253 788 qui
1286 700 1378 767 nobis
1407 711 1543 766 mortem

351 834 443 877 suam
474 808 650 876 adnunciat
678 819 823 894 tempore
854 817 1020 895 oportuno.
1065 808 1109 871 Et
1134 816 1212 871 tunc
1233 810 1321 893 prior
1342 815 1451 871 noster
1473 808 1544 870 sive

351 918 457 981 vicem
486 916 536 979 sui
565 935 683 1000 gerens
710 934 807 977 mane
829 911 1005 998 capitulum
1028 911 1220 976 convocabit
1241 919 1273 975 et
1295 910 1388 975 nobis
1410 908 1542 993 indicet,

350 1022 442 1085 utin
464 1040 601 1105 vespere
624 1018 842 1104 sollempniter
866 1015 1084 1102 compulsatur
1106 1026 1139 1080 et
1160 1016 1261 1081 maior
1282 1014 1394 1100 vigilia
1416 1013 1545 1079 dicatur

352 1146 411 1211 pro
433 1123 548 1189 eodem
572 1131 604 1187 et
625 1124 659 1186 in
682 1143 777 1187 mane
800 1123 897 1186 missa
920 1143 979 1207 pro
1002 1120 1164 1185 defunctis
1186 1141 1261 1184 eum
1283 1118 1380 1183 choro
1395 1117 1545 1183 tonaliter

353 1228 536 1294 celebretur
565 1226 698 1314 singulis
727 1211 951 1291 sacerdotibus
980 1227 1111 1291 missam
1133 1246 1232 1289 unam
1254 1223 1479 1288 nichilominus
1501 1222 1544 1288 le·

352 1331 502 1419 gentibus
524 1335 558 1397 in
581 1341 756 1418 sequestro.
802 1331 895 1396 Etsi
918 1329 970 1395 die
993 1329 1056 1414 illa,
1084 1331 1117 1394 in
1140 1351 1204 1415 qua
1227 1328 1399 1393 defunctus
1421 1327 1544 1393 adnun-

353 1440 464 1518 cietur,
486 1436 583 1502 fuerit
604 1436 723 1501 festum
745 1434 876 1521 aliquod
898 1433 951 1500 vel
973 1435 1153 1521 legitimum
1168 1434 1338 1519 negocium
1352 1431 1545 1519 impedierit,

353 1543 499 1628 sequenti
522 1540 584 1624 die,
608 1539 694 1626 quod
717 1540 903 1624 neglectum
925 1549 984 1624 est,
1009 1538 1199 1625 diligencius
1222 1537 1420 1625 suppleatur.
1452 1538 1494 1603 Et
1517 1541 1545 1602 si

353 1645 408 1710 illa
438 1645 490 1710 die
520 1644 661 1731 aliquem
691 1667 735 1709 ex
765 1643 988 1710 sacerdotibus
1010 1666 1130 1708 vacare
1153 1646 1330 1729 contigerit,
1354 1645 1544 1730 quantocius

354 1750 492 1816 eandem
513 1751 750 1836 negligenciam
773 1749 931 1836 suppleat,
955 1750 1084 1837 quando
1108 1758 1222 1836 potest.
1252 1748 1318 1814 Alii
1341 1772 1417 1814 vero
1440 1770 1544 1813 sacer·

353 1856 438 1921 docii
467 1854 679 1920 karakterem
708 1877 771 1920 non
802 1854 960 1920 habentes
990 1877 1091 1920 unum
1121 1854 1231 1941 legant
1252 1853 1448 1939 psalterium,
1472 1876 1544 1918 con·

353 1962 440 2024 versi
470 1981 548 2025 vero
579 1969 611 2024 et
640 1981 764 2024 somnes
795 1958 881 2024 mille
904 1958 1028 2024 dicant:
1059 1968 1291 2046 paternoster,
1315 1957 1545 2024 salutacionem

354 2064 450 2129 beate
480 2065 614 2149 virginis
644 2062 775 2129 cuilibet
806 2063 1030 2150 adiungentes.
1084 2063 1253 2130 Sacerdoti
1283 2085 1361 2129 vero
1393 2062 1546 2128 defuncto

354 2171 423 2234 sive
454 2168 601 2256 dyacono
631 2191 697 2233 una
727 2167 896 2254 prebenda
927 2168 1042 2233 eodem
1073 2167 1125 2233 die
1154 2167 1307 2233 videlieet
1333 2167 1545 2254 deposicionis

354 2296 421 2358 sue,
452 2295 516 2359 que
546 2275 714 2338 consuevit
745 2272 815 2337 dari
846 2272 1068 2337 sacerdotibus
1091 2274 1160 2337 sive
1183 2272 1394 2360 dyaconibus,
1418 2272 1545 2338 duobus

355 2376 531 2442 scolaribus
553 2376 734 2461 legentibus
756 2399 857 2442 unum
878 2377 1066 2463 psalterium
1088 2377 1255 2444 tribuatur.
1287 2377 1322 2443 Si
1344 2399 1421 2443 vero
1443 2379 1477 2442 in
1499 2379 1545 2442 in·

354 2481 524 2547 ferioribus
555 2480 721 2547 ordinibus
752 2484 913 2547 constituti
944 2482 1096 2548 videlicet
1117 2480 1319 2569 subdyaconi
1341 2482 1449 2548 acoliti
1471 2505 1544 2548 eon·

355 2589 440 2652 versi
463 2609 588 2652 sorores
610 2588 697 2652 viam
721 2589 871 2652 universe
891 2589 997 2652 carnis
1017 2588 1155 2672 ingressi
1169 2586 1297 2672 fuerint,
1321 2590 1437 2652 iterum
1451 2588 1545 2653 nobis

354 2692 569 2758 adnuncietur
600 2702 633 2757 et
661 2692 786 2779 vigilias
817 2701 849 2758 et
876 2694 1006 2757 missam
1027 2715 1126 2758 unam
1149 2691 1384 2758 celebrabimus
1406 2695 1439 2758 in
1462 2716 1547 2759 com·

356 2800 453 2875 muni.
485 2798 529 2863 Et
544 2820 585 2863 ne
601 2799 654 2884 pie
675 2796 912 2862 recordacionis
930 2797 1188 2883 predecessores,
1212 2797 1336 2882 fratres,
1360 2798 1546 2863 sacerdotes

356 2926 396 2967 ae
420 2905 652 2988 cuiuscumque
675 2902 871 2968 condicionis
894 2912 1002 2968 vestre
1025 2910 1057 2966 et
1079 2912 1186 2968 nostre
1210 2901 1346 2967 ecclesie
1369 2926 1388 2967 a
1411 2911 1478 2967 tam
1493 2906 1545 2989 pie

358 3006 542 3073 devocionis
564 3016 640 3073 voto
663 3008 865 3094 aliquomodo
881 3017 1080 3094 separentur,
1104 3009 1282 3092 statuimus,
1305 3017 1342 3072 nt
1356 3017 1450 3073 sexta
1464 3008 1546 3073 feria

356 3112 473 3177 festum
503 3115 645 3178 omnium
674 3122 860 3177 sanctorum
888 3114 1035 3198 proxime
1058 3111 1276 3198 subsequente
1298 3110 1431 3197 singulis
1453 3115 1547 3178 annis

356 3215 572 3302 sollempniter
599 3239 673 3281 cum
699 3217 809 3301 vigilia
837 3226 869 3282 et
896 3219 993 3281 missa
1015 3239 1073 3303 pro
1097 3216 1244 3281 omnibus
1266 3216 1436 3282 animabus
1458 3217 1548 3304 apud

356 3341 415 3385 nos
438 3320 597 3385 defirnctis
621 3319 812 3405 celebretur,
836 3322 868 3385 in
892 3331 999 3385 vestro
1022 3324 1215 3387 monasterio
1231 3324 1384 3387 memoria
1399 3324 1548 3407 specialis

357 3424 490 3509 singulis
517 3423 740 3490 sacerdotibus
770 3428 901 3490 missam
933 3448 1030 3490 unam
1056 3425 1281 3492 nichilominus
1312 3425 1491 3512 legentibus
1515 3432 1547 3492 in

357 3538 535 3614 sequestro,
565 3528 635 3593 aliis
665 3552 743 3595 vero
773 3530 858 3594 infra
887 3530 1109 3596 sacerdocium
1132 3533 1308 3596 constitutis
1331 3530 1547 3617 explentibus,

358 3656 421 3719 que
450 3643 525 3698 sunt
554 3636 700 3719 superius
730 3644 893 3718 annotate,
925 3637 969 3700 ita
998 3635 1083 3722 quod
1107 3635 1222 3700 eodem
1245 3635 1297 3700 die
1321 3646 1456 3723 quatuor
1477 3660 1548 3724 pre·

358 3737 465 3803 bande
488 3737 689 3803 dominorum
711 3740 909 3826 pauperibus
931 3743 964 3804 in
987 3739 1166 3805 remedium
1189 3750 1222 3805 et
1243 3740 1392 3805 levamen
1406 3743 1549 3807 omnium

359 3842 584 3908 defunctorum
606 3843 781 3929 plenariter·
802 3844 989 3928 largiantur.
1020 3845 1063 3909 Et
1084 3867 1142 3909 nos
1166 3867 1184 3909 e
1206 3867 1361 3910 converso
1377 3869 1435 3932 pro
1451 3849 1549 3911 omni-

359 3947 430 4031 bus,
462 3949 515 4033 qui
546 3956 624 4033 aput
653 3969 712 4013 vos
736 3947 880 4013 defuncti
903 3959 987 4033 sunt,
1019 3972 1100 4035 eque
1123 3949 1341 4035 sollempniter
1362 3954 1549 4016 memoriam

359 4073 555 4138 peragemus
578 4053 670 4116 annis
694 4053 828 4138 singulis
851 4064 945 4118 sexta
968 4053 1048 4118 feria
1070 4054 1187 4118 festum
1209 4055 1405 4119 ascensionis
1429 4054 1549 4121 domini

359 4158 458 4220 nostri
480 4158 628 4242 proxime
650 4156 868 4242 subsequente
891 4159 998 4222 omnia
1021 4157 1242 4242 observantes,
1270 4181 1333 4245 que
1355 4161 1420 4224 iam
1443 4162 1549 4244 singu·

358 4260 468 4325 lariter
498 4270 573 4327 sunt
601 4263 769 4347 premissa,
799 4262 944 4327 volentes
974 4265 1078 4328 eciem
1108 4273 1144 4328 ut
1170 4266 1409 4329 anniversarius
1436 4264 1550 4330 funda

359 4367 445 4429 tricis
476 4374 583 4430 nostre
614 4365 742 4431 domine
769 4366 950 4452 Hiltpurgis
980 4369 1137 4433 comitisse
1167 4368 1270 4433 felicis
1300 4371 1463 4452 memorie,
1494 4373 1550 4456 qui

360 4480 409 4537 est
423 4472 487 4535 Il.b
507 4493 608 4536 nonas
632 4470 813 4536 decembris
836 4484 915 4557 aput
937 4495 994 4538 vos
1018 4495 1092 4538 cum
1114 4482 1239 4558 septem
1261 4473 1434 4539 luminibus
1456 4477 1550 4540 annis

359 4698 425 4755 347.
461 4703 474 4735 b
491 4701 732 4768 llbergesehrieben
748 4699 844 4766 pridie
