3400 5350
361 375 424 439 726

361 565 486 653 capella
514 567 611 635 beate
634 567 813 635 Kathorine
836 571 870 635 in
893 568 979 635 dieto
1000 570 1193 636 monasterio
1215 569 1276 633 sita
1297 570 1385 635 omni
1407 567 1465 633 die
1487 590 1568 653 per·

360 672 465 758 petuis
488 670 686 758 temporibus
710 671 908 739 celebrande
923 672 1076 739 videlicet
1089 675 1123 738 in
1138 672 1191 738 die
1207 672 1367 739 dominico
1382 672 1425 737 de
1443 682 1569 737 aanch

360 778 511 861 trinitate,
542 777 625 843 feria
653 777 798 845 secunda
827 800 886 866 pro
913 778 1064 845 fidelibus
1091 777 1260 862 defunctis,
1283 777 1364 843 feria
1387 778 1494 842 tercia
1521 776 1566 841 de

360 890 474 947 sancta
494 880 684 966 Katherina,
706 881 788 947 feria
810 893 926 970 quarta
949 881 990 948 de
1013 894 1126 948 sancta
1140 880 1315 965 Dorothea,
1338 881 1419 947 feria
1442 883 1567 967 quinta

361 983 402 1051 de
432 1006 567 1071 corpore
597 985 726 1070 Christi,
755 987 837 1053 feria
867 997 962 1053 sexta
991 986 1033 1052 de
1063 996 1176 1052 sancta
1205 1008 1312 1070 cruce,
1344 983 1484 1051 sabbato
1519 984 1564 1049 de

360 1090 457 1156 beata
487 1089 593 1155 Maria
622 1093 746 1177 virgine
777 1090 877 1177 salvo,
908 1090 995 1178 quod
1024 1094 1058 1157 in
1088 1089 1281 1178 specialibus
1314 1088 1564 1171 festivitatibus,

362 1217 436 1260 cum
467 1196 501 1260 in
532 1194 626 1260 dictis
654 1194 770 1261 diebus
793 1199 942 1262 venerint
963 1196 1017 1262 vel
1039 1197 1237 1261 occurrerint
1259 1194 1420 1282 specialia,
1445 1196 1564 1259 missa·

361 1322 433 1365 rum
448 1299 556 1365 officia
570 1298 754 1366 huiusmodi
768 1301 978 1366 festivitatum
994 1299 1102 1367 debite
1118 1299 1331 1383 celebrentur,
1346 1298 1435 1385 quod
1452 1301 1564 1365 eciam

362 1404 440 1471 dicti
469 1404 585 1470 fratres
616 1415 649 1470 et
678 1416 856 1471 conventus
887 1405 952 1472 fide
980 1408 1194 1494 promiserunt
1223 1406 1357 1470 firmiter
1385 1403 1564 1490 adinplere

362 1519 394 1573 et
422 1511 541 1593 iugiter
564 1520 600 1575 ut
621 1512 816 1596 premittitur
839 1510 1024 1577 observare.
1059 1512 1151 1577 Bona
1172 1519 1279 1575 autem
1302 1508 1346 1574 ad
1367 1509 1429 1574 hec
1458 1507 1564 1594 depu-

362 1622 429 1678 tata
451 1623 526 1679 sunt
547 1614 625 1680 bec.-
647 1617 749 1702 primo
773 1615 837 1681 due
860 1616 941 1681 libre
964 1615 1172 1681 denariorum
1193 1618 1226 1680 in
1241 1613 1439 1700 Naprestorf
1448 1622 1564 1699 empte

363 1714 406 1781 ab
429 1715 539 1783 Vlrico
567 1715 747 1805 Ohrueger,
776 1720 854 1786 item
885 1720 953 1785 XII
984 1719 1076 1786 solidi
1106 1718 1311 1785 denariorum
1341 1720 1373 1783 in
1403 1717 1564 1803 Langan·

363 1820 477 1886 lebarn
508 1825 608 1909 empti
638 1822 681 1888 ab
703 1823 852 1890 Elizabet
874 1823 1129 1907 Pircbuelderin,
1159 1827 1235 1889 item
1265 1845 1330 1889 una
1351 1821 1434 1887 libra
1459 1820 1565 1887 dena·

363 1927 483 1991 riorum
513 1925 554 1992 de
584 1927 742 1994 beneficio
765 1927 891 1994 Ottonis
911 1929 1042 2016 Wyser,
1065 1930 1143 1993 item
1164 1928 1215 1993 IX
1237 1950 1317 1993 urne
1339 1927 1436 1992 musti
1460 1948 1565 2013 super

363 2030 467 2096 tribus
489 2033 593 2097 vineis
615 2032 712 2097 officii
735 2036 874 2101 vinitorii
896 2043 1004 2120 empte
1027 2032 1231 2099 aVolcblino
1254 2031 1295 2098 de
1317 2032 1448 2115 Tawrn,
1481 2034 1565 2097 item

363 2144 429 2201 tota
467 2134 593 2201 decima
630 2139 731 2203 maior
768 2149 801 2203 et
837 2141 941 2203 minor
977 2140 1009 2204 in
1046 2138 1166 2204 Tawm
1200 2145 1307 2223 empta
1340 2160 1361 2202 a
1393 2135 1564 2201 Michaele

365 2239 632 2328 Obyenbergario
664 2252 697 2306 et
725 2266 745 2307 a
775 2243 915 2309 Martino
945 2241 1010 2309 filio
1041 2245 1220 2326 camerarii,
1250 2244 1327 2308 item
1357 2239 1473 2307 domus
1501 2263 1565 2307 sen

366 2344 525 2411 habitacio
554 2348 587 2411 in
609 2346 800 2433 Nevvnburg
829 2357 938 2435 empta
963 2370 984 2413 a
1006 2348 1202 2433 Strawslino,
1225 2369 1288 2435 que
1311 2345 1477 2434 quondam
1499 2346 1566 2411 fuit

366 2451 589 2539 Wysentonia,
623 2453 701 2518 item
729 2452 829 2517 XXV
858 2451 940 2518 libre
972 2451 1190 2537 denariorum,
1223 2474 1304 2539 quas
1331 2450 1440 2529 Wlfel,
1473 2450 1564 2516 filins

366 2558 592 2642 procuratoris,
623 2557 749 2621 solvere
775 2565 903 2622 tenetur
926 2580 984 2623 seu
1006 2555 1175 2642 obligatur.
1221 2556 1294 2638 Qus
1317 2553 1447 2643 quidem
1472 2554 1566 2621 bona

366 2659 513 2749 predicta
542 2661 628 2727 idem
659 2661 760 2728 frater
781 2661 948 2728 Fridricus
974 2660 1079 2728 abbas
1101 2685 1161 2750 per
1181 2659 1371 2728 industriam
1393 2663 1566 2748 propriam

366 2767 538 2853 acquisivit
567 2776 601 2832 et
628 2766 671 2832 ad
703 2767 849 2855 predicte
880 2769 976 2833 misse
1005 2767 1233 2833 fundacionem
1263 2777 1298 2832 ut
1327 2788 1425 2852 supra
1456 2765 1566 2832 libere

366 2872 499 2937 eontulit
528 2880 562 2937 et
590 2870 730 2937 donavit.
759 2873 914 2938 Preterea
934 2872 1043 2957 frater,
1067 2874 1123 2958 qui
1145 2872 1241 2937 firerit
1263 2870 1458 2956 oblagiarius
1483 2869 1566 2936 dieti

367 2984 556 3060 conventus,
592 2976 785 3064 presbytero
822 2976 1006 3043 huiusmodi
1042 2978 1174 3042 misum
1207 2975 1383 3042 celebranti
1415 2978 1566 3061 porriget

367 3091 437 3146 octo
469 3080 618 3146 denarios
642 3081 849 3168 Wyenenses
881 3081 922 3147 de
951 3079 1109 3147 metibus
1139 3080 1302 3168 predictis,
1333 3078 1391 3144 sed
1421 3078 1564 3144 residuis

365 3184 459 3250 bonis
491 3187 524 3249 in
555 3185 608 3249 die
638 3187 851 3250 anniversarii
874 3185 917 3250 ad
940 3183 1197 3250 distribuendum
1218 3206 1277 3271 pro
1300 3193 1480 3250 conventus
1501 3187 1564 3249 nti·

365 3290 453 3355 litate
484 3288 663 3355 secundum
695 3289 862 3355 consilinm
893 3291 1055 3355 seniorum
1082 3290 1218 3355 fratrum
1245 3288 1353 3354 debite
1374 3291 1562 3354 reservatis.

366 3395 504 3481 insuper
534 3415 608 3459 cum
639 3394 740 3459 frater
761 3393 929 3459 Fridrieus
959 3394 1062 3459 abbas
1092 3393 1256 3480 predictus
1285 3392 1328 3458 ab
1358 3392 1420 3459 hoc
1449 3392 1564 3458 seculo

366 3501 563 3584 migraverit,
594 3507 774 3564 conventus
806 3509 838 3563 et
866 3499 984 3563 fratres
1013 3498 1149 3586 predicti
1175 3500 1348 3584 exsequias
1371 3507 1403 3563 et
1424 3498 1563 3582 singulis

366 3605 459 3668 annis
490 3605 747 3668 anniversarium
776 3602 892 3688 vigiliis
920 3625 959 3667 ac
982 3605 1087 3668 missis
1108 3625 1168 3690 pro
1192 3602 1342 3669 defuncto
1364 3602 1564 3689 solempter·

367 3730 406 3772 ac
435 3706 575 3773 fideliter
603 3729 761 3794 peragere
790 3712 998 3773 tenebuntur.
1043 3709 1176 3773 Fratres
1200 3710 1302 3774 eciam
1323 3707 1460 3794 predicti
1483 3730 1561 3795 qna·

366 3812 445 3878 libet
467 3811 651 3878 ebdomada
673 3813 754 3878 feria
776 3823 892 3900 quarta
914 3812 967 3878 vel
989 3814 1051 3879 alio
1075 3812 1126 3878 die
1150 3815 1280 3878 missam
1303 3812 1344 3878 de
1366 3823 1481 3878 sancta
1496 3814 1564 3878 Do

366 3916 489 4000 rotbea,
523 3919 549 3981 si
579 3917 737 3984 festivitas
768 3918 917 4004 specialis
946 3939 1011 3983 non
1041 3916 1216 4003 obstetur-it,
1246 3918 1452 4004 solempniter
1479 3916 1565 3983 cele

367 4020 521 4087 brabrit.¹’
564 4022 647 4087 Item
678 4024 704 4087 si
735 4022 835 4088 frater
864 4021 906 4087 ad
930 4021 1143 4088 celebrandas
1165 4026 1278 4088 missas
1301 4021 1486 4087 huiusmodi
1509 4023 1564 4088 vel

369 4127 557 4213 siprovisor
572 4126 698 4212 oblagie
720 4129 753 4192 in
778 4125 886 4192 dando
908 4129 1080 4213 pecuniam
1102 4126 1281 4214 predictam
1305 4125 1472 4212 negligens
1496 4127 1564 4193 fne-

367 4233 418 4315 rit,
449 4228 493 4296 ad
523 4229 690 4296 arbitrium
720 4233 844 4318 prioris,
869 4233 923 4318 qui
945 4254 1003 4317 pro
1025 4241 1170 4319 tempore
1192 4232 1300 4314 fuerit,
1321 4229 1567 4297 racionabiliter

367 4337 518 4421 punietur
549 4346 580 4401 et
610 4333 653 4399 ad
684 4335 839 4422 inpletam
863 4338 1096 4401 exeoucionem
1118 4338 1346 4423 premissorum
1369 4334 1568 4421 regulariter

368 4449 540 4504 coartetur.
574 4439 689 4505 Eoiam
711 4438 907 4526 oblaginrius
930 4440 1086 4506 debonis
1110 4440 1262 4528 predictis
1284 4441 1453 4527 porrigere
1475 4451 1568 4509 tene

369 4665 434 4721 ΒΜ.
472 4678 485 4703 ·
503 4669 533 4719 Δ.
552 4674 617 4720 statt
632 4669 800 4735 solertprttta.
819 4697 852 4707 -
870 4670 884 4703 ²²
902 4669 934 4722 A.
952 4675 1017 4721 statt
1033 4670 1200 4722 mermes.
