3400 5350
1295 389 1335 455 15

144 589 357 647 consecratus
395 590 453 645 eto.
489 580 531 646 ad
567 581 674 647 dilecti
704 583 798 646 amici
832 603 949 667 corpus
983 583 1072 647 venit
1105 580 1239 646 anhelus
1273 590 1333 646 eto.

138 708 257 773 corpus
279 708 359 751 vero
391 709 464 751 cum
496 685 603 752 debito
629 685 750 752 honore
780 689 814 752 in
844 684 980 751 eeclesia
1011 694 1142 751 sanctae
1166 684 1217 751 dei
1240 708 1336 771 gene·

137 792 226 856 tricis
250 800 357 856 terrae
380 790 486 855 tradit.

244 984 310 1034 vita
328 982 407 1053 slim..
421 984 441 1035 1.
462 985 489 1035 in
507 985 542 1036 M.
556 985 588 1037 G.
600 984 645 1036 SS.
659 984 719 1046 XII,
739 986 790 1035 239
808 1000 830 1035 c.
846 987 877 1033 31
899 982 948 1052 (nr.
962 984 997 1051 6).

182 1228 215 1294 8.
886 1198 1289 1310 rooiprongsoeusu}

138 1418 274 1483 Berieht
295 1418 371 1483 oter
393 1419 444 1483 die
461 1414 670 1502 ffliifdlraap
692 1417 745 1484 des
759 1417 1098 1484 Bcaedietiaerordeas
1118 1419 1155 1484 ia
1170 1418 1332 1502 cottum.

244 1609 405 1695 Tempore
432 1609 607 1675 venerandi
637 1609 794 1695 praesulis
816 1609 982 1675 Altmanni
1012 1612 1101 1675 venit
1130 1612 1163 1674 in
1193 1619 1334 1675 montem

136 1712 310 1779 Gotewich
339 1712 469 1799 quidam
497 1712 669 1800 presbyter
695 1713 863 1799 religiosus
889 1716 1017 1779 natione
1041 1713 1187 1780 Scottus¹
1214 1714 1333 1801 profes-

135 1821 228 1883 sione
251 1818 428 1883 monachus
448 1821 576 1883 nomino
591 1818 762 1903 Iohannes,
786 1841 882 1905 quem
903 1819 1073 1905 episcopus
1089 1818 1130 1883 ob
1147 1818 1334 1904 religionem

135 1926 225 1987 vitae
257 1921 355 1987 valde
386 1921 498 1987 dilexit
528 1931 561 1987 et
583 1945 657 1987 eum
678 1925 771 1988 iuxta
794 1922 965 1988 ecelesiam
988 1931 1119 1987 sanctae
1141 1923 1266 1987 Mariae
1289 1924 1333 1988 in·

136 2028 265 2093 elusum
288 2026 374 2093 fecit.
409 2027 472 2092 Hic
495 2027 595 2092 verbo
619 2037 651 2092 et
673 2027 824 2115 exemplo
848 2028 982 2094 multum
1005 2027 1131 2113 profuit.
1169 2027 1333 2092 Defuncto

134 2134 292 2219 episcopo
315 2134 404 2197 venit
425 2133 572 2197 inimicus
595 2131 699 2217 homo,
723 2135 778 2218 qui
802 2154 900 2218 super
920 2132 1040 2199 bonum
1054 2135 1193 2198 triticum
1209 2131 1251 2197 ab
1268 2132 1333 2197 Alt-

133 2259 258 2302 mauno
289 2238 482 2301 seminatum
512 2239 682 2302 seminavit
712 2238 836 2301 zizania
867 2245 899 2301 et
925 2235 1045 2301 bonam
1067 2237 1186 2301 famam
1209 2237 1334 2321 fugavit

134 2341 178 2406 de
206 2350 317 2407 monte
346 2341 457 2406 infami
484 2340 624 2405 infamia.
671 2341 741 2406 Viri
763 2356 905 2428 namque
928 2340 1082 2428 impudici
1106 2340 1146 2405 de
1169 2340 1246 2405 loeis
1268 2342 1334 2405 suis

132 2456 191 2510 aut
223 2446 353 2532 expulsi
382 2454 438 2511 aut
467 2445 594 2533 fugitivi
622 2447 655 2510 in
686 2445 855 2513 Gotewich
888 2455 1019 2533 propter
1052 2468 1161 2510 rerum
1193 2447 1333 2532 inopiam

134 2550 377 2635 confluxerunt,
400 2553 455 2636 qui
477 2550 537 2615 sub
561 2550 694 2616 obtentu
714 2550 886 2638 religionis,
910 2572 1009 2636 quam
1025 2552 1227 2636 specietenus
1242 2571 1333 2636 prae·

131 2655 290 2739 tulerunt,
314 2656 455 2743 suseepti
478 2666 560 2722 sunt.
592 2655 717 2721 Horum
738 2654 879 2721 infandis
902 2654 1027 2721 actibus
1051 2657 1155 2741 eoepit
1176 2654 1266 2720 locus
1288 2655 1332 2719 in·

132 2761 252 2826 famari
285 2769 318 2825 et
348 2784 368 2826 a
396 2759 499 2844 gloria
528 2762 643 2847 prioris
666 2769 767 2826 status
790 2759 887 2825 valde
911 2759 1082 2824 obfuscari.
1129 2757 1276 2845 Cumque
1298 2761 1330 2823 in

133 2864 205 2930 dies
236 2864 373 2930 infamia
402 2863 527 2952 longius
558 2875 589 2930 et
618 2864 713 2930 latius
744 2863 965 2929 crebresceret
988 2873 1020 2928 et
1042 2886 1106 2928 non
1129 2862 1224 2929 modo
1247 2862 1330 2928 clau·

133 2969 241 3035 strelis
269 2968 392 3055 religio,
420 2968 478 3034 sed
500 2971 605 3054 ipsum
628 2967 745 3055 vulgus
767 2978 909 3033 montem
932 2967 1131 3052 abhorreret,
1154 2966 1260 3031 eidem
1282 2968 1331 3031 Io-

134 3073 234 3140 hanni
257 3072 384 3138 incluso
399 3073 592 3138 Altmannus
616 3075 786 3159 episcopus
808 3076 842 3137 in
865 3074 983 3137 somnis
1005 3070 1158 3136 infulatus
1174 3072 1332 3156 apparuit,

137 3189 170 3243 ut
194 3178 307 3244 locum
335 3177 376 3242 de
400 3200 499 3243 coeno
520 3186 677 3264 purgaret
699 3188 731 3242 et
752 3186 788 3242 ut
809 3177 964 3241 foetorem
987 3176 1136 3241 stercoris
1160 3174 1201 3239 de
1224 3182 1331 3239 monte

138 3292 335 3369 extergeret,
358 3280 534 3347 admonuit.
571 3282 617 3347 At
637 3281 690 3347 ille
712 3283 869 3346 visionem
892 3281 1074 3367 intelligens
1097 3289 1130 3344 et
1151 3280 1331 3366 praeposito

134 3386 274 3454 flauum
290 3409 360 3451 rem
375 3390 523 3474 aperiens
544 3387 636 3452 iussit
657 3394 768 3473 turpes
791 3385 832 3450 de
855 3395 961 3450 monte
985 3386 1055 3468 eici,
1080 3383 1232 3471 deceptos
1255 3405 1332 3448 vero

134 3491 177 3557 ab
208 3495 257 3557 eis
280 3493 448 3579 praecepit
469 3492 683 3577 poenitentiae
706 3489 818 3556 subici.
866 3488 930 3569 Qui
954 3512 1027 3555 cum
1050 3488 1201 3554 infamiae
1223 3499 1331 3553 notam

133 3619 199 3663 non
233 3605 370 3683 possent
404 3596 558 3682 effugere,
597 3597 822 3682 cogitaverunt
855 3616 966 3660 omnes
999 3593 1105 3659 locum
1138 3591 1329 3679 relinquere.

135 3701 210 3782 Quo
238 3709 404 3786 comperto
435 3699 595 3766 Iohannes
622 3698 712 3764 dedit
738 3698 915 3781 eonsilium,
942 3706 977 3763 ut
1003 3705 1163 3762 mutarent
1185 3695 1330 3761 habitum

136 3815 169 3870 et
195 3807 244 3870 sie
273 3804 455 3870 evaderunt
482 3813 548 3870 tam
570 3804 697 3869 infamis
719 3802 797 3868 faeti
819 3801 1034 3890 opprobrium.
1080 3802 1134 3866 Fit
1156 3823 1331 3866 consensus

136 3912 293 3994 omnium,
317 3909 445 3994 eligitur
466 3909 622 3997 professio
645 3907 884 3973 monachorum.
923 3906 1002 3971 Mox
1025 3904 1218 3971 Counradus
1240 3928 1330 3991 prae-

133 4016 259 4100 positus
287 4014 384 4079 huius
411 4016 466 4092 rei
485 4016 591 4099 gratia
617 4015 751 4080 mittitur
773 4013 919 4097 Romam,
951 4021 986 4076 ut
1012 4010 1054 4076 ab
1081 4009 1254 4096 apostolico
1276 4011 1330 4074 im-

134 4129 283 4204 petraret
315 4118 409 4184 huius
443 4118 691 4205 permutacionis
723 4118 896 4182 licentiam.
947 4114 1021 4195 Qua
1054 4116 1224 4201 impetrata
1257 4136 1330 4178 cum

134 4222 257 4308 gaudio
287 4234 422 4308 remeat,
453 4222 626 4290 Oudahioo
653 4221 757 4287 bonae
784 4222 959 4286 memoriae
982 4222 1143 4305 episcopo,
1167 4218 1330 4282 Altmanni

136 4331 326 4414 successori,
351 4349 545 4394 eonsensum
560 4327 696 4392 Romani
718 4326 877 4414 pontificis
897 4326 1032 4409 nuntiat,
1055 4321 1221 4388 eonsilium
1236 4342 1330 4386 suum

137 4500 165 4556 8.
241 4502 252 4535 ²
270 4504 360 4556 Hiera
379 4502 503 4556 bernerlrt
514 4502 705 4554 Wattenbaoh:
724 4505 804 4553 acoleo
815 4502 872 4566 sud
891 4501 1010 4551 Mariam·
1029 4499 1112 4560 &aas
1130 4500 1159 4548 ta
1175 4499 1247 4548 cade
1263 4499 1331 4547 ottae

138 4588 215 4656 (Acta
233 4592 402 4656 Sanctorum,
420 4591 499 4643 Febr.
512 4595 575 4642 tom.
588 4591 623 4655 ΙΙ,
641 4588 703 4659 366)
721 4607 778 4657 cap.
793 4590 842 4640 ΠΙ
855 4593 1068 4640 commeawrotar.
1094 4586 1150 4636 Das
1169 4585 1330 4651 Gottweiger

138 4678 273 4748 Nekrolog
293 4687 362 4733 aetat
384 4681 479 4732 acinon
502 4678 634 4745 Todestag
656 4678 705 4729 mit
727 4677 786 4728 dem
812 4677 974 4729 latenrer
996 4674 1059 4724 sest:
1096 4672 1185 4725 XVII.
1204 4671 1329 4723 kalendar
