3400 5350
350 406 415 472 604

348 598 525 664 stulacione
548 620 665 664 census
688 598 841 665 antedicti
865 599 961 665 etad
984 600 1221 686 impetrandum
1245 603 1278 666 in
1299 599 1469 666 audiencia
1490 623 1547 687 pu·

348 703 435 769 blica
461 703 626 769 literarum
654 703 773 770 domini
800 708 900 770 nostri
927 728 1012 792 pape
1039 705 1149 771 literas
1172 715 1240 771 tam
1262 706 1422 793 simplices
1446 728 1546 792 quam

348 808 503 895 legendas
526 811 670 894 graciam
694 831 750 874 seu
773 812 933 875 iusticiam
955 813 1153 875 continentes
1177 820 1209 876 et
1228 812 1405 897 impetratis
1421 821 1544 875 contra·

349 913 525 978 dicendum
554 917 587 978 in
616 913 687 979 loca
718 923 750 979 et
778 914 902 980 iudices
932 914 1147 980 conveniendi
1174 937 1214 980 ac
1237 917 1308 1003 ipsa
1331 924 1363 981 et
1384 917 1469 1001 ipsos
1493 938 1546 980 su·

349 1028 461 1103 specta
487 1018 541 1083 vel
568 1029 734 1105 suspectos
763 1019 979 1085 recusandum
1007 1022 1224 1106 suspicionum
1258 1042 1373 1085 causas
1405 1020 1545 1107 allegan-

349 1124 427 1190 dum
456 1135 489 1189 et
515 1123 729 1210 probandum,
760 1127 931 1190 cauciones
961 1123 1106 1190 dandum
1133 1134 1166 1190 et
1186 1124 1418 1211 recipiendum,
1442 1126 1545 1190 cuius-

348 1229 427 1295 libet
456 1232 585 1314 generis
615 1239 854 1295 sacramentnm
884 1233 1103 1295 necessarium
1132 1228 1364 1316 praestandum
1394 1241 1427 1295 et
1453 1251 1544 1316 prae·

348 1336 425 1400 stari
456 1334 644 1418 videndum,
675 1334 919 1421 protestandam
949 1345 983 1401 et
1011 1336 1205 1421 generaliter
1234 1337 1341 1403 omnia
1364 1345 1397 1401 et
1418 1334 1545 1420 singula

348 1438 533 1505 faciendum
563 1450 595 1505 et
625 1439 856 1524 exercendum,
887 1462 971 1527 quae
1001 1443 1034 1505 in
1063 1442 1248 1527 praemissis
1277 1449 1310 1505 et
1340 1442 1427 1505 circa
1448 1462 1543 1528 prae-

347 1547 446 1610 missa
475 1555 507 1610 et
536 1544 704 1631 quodlibet
732 1547 982 1631 praemissorum
1009 1544 1107 1610 etad
1129 1545 1280 1611 effectum
1303 1545 1400 1610 etad
1424 1566 1542 1610 execu-

346 1652 467 1715 tionem
496 1672 608 1715 eorum
639 1649 816 1736 expedient
837 1658 895 1716 aut
915 1650 1035 1715 fuerint
1058 1659 1225 1736 oportuna,
1249 1660 1281 1715 et
1303 1652 1330 1714 si
1352 1648 1543 1715 mandatum

349 1756 484 1842 exigant
508 1754 659 1842 speciale,
682 1755 781 1820 alium
803 1777 862 1821 seu
883 1755 961 1820 alios
984 1764 1207 1841 procuratores
1230 1754 1487 1821 substituendum
1505 1764 1543 1819 et

347 1859 580 1945 renovandum,
612 1862 765 1947 quociens
797 1859 927 1946 quando
956 1860 1010 1925 vel
1036 1860 1092 1925 ubi
1115 1860 1295 1946 expediens
1316 1859 1479 1926 videbitur
1498 1880 1541 1923 ac

347 1987 481 2030 necesse
510 1968 731 2051 promittentes
758 1987 794 2030 se
822 1975 951 2051 gratum
974 1975 1006 2031 et
1028 1975 1135 2031 ratum
1157 1968 1321 2053 perpetuis
1342 1964 1542 2053 temporibus

347 2068 513 2136 habituros
536 2069 743 2157 solempniter
766 2068 959 2156 stipulando,
987 2070 1146 2157 quidquid
1168 2093 1227 2157 per
1250 2069 1351 2135 dictos
1374 2092 1448 2135 suos
1469 2091 1541 2155 pro·

348 2184 512 2240 curatores
545 2197 585 2239 ac
618 2174 805 2240 substitutos
838 2174 881 2239 ab
915 2176 993 2261 ipsis
1022 2175 1076 2240 vel
1105 2197 1165 2262 per
1194 2174 1330 2240 alterum
1364 2173 1540 2239 eorundem

347 2289 456 2346 actum
477 2279 532 2345 vel
553 2265 737 2345 ordinatum
757 2280 856 2345 fuerit
877 2281 911 2345 in
933 2282 1118 2366 praemissis
1140 2302 1199 2345 seu
1222 2279 1366 2366 quolibet
1387 2279 1540 2366 praemis·

347 2406 456 2450 sorum
477 2386 628 2470 ipsosque
652 2394 684 2449 et
706 2383 883 2470 quemlibet
905 2406 1015 2449 eorum
1039 2383 1081 2449 ab
1105 2405 1202 2450 onere
1222 2382 1399 2449 satisdandi
1413 2384 1540 2470 penitus

346 2488 494 2555 relevare
524 2488 585 2554 sub
614 2497 755 2575 ypoteca
785 2491 927 2554 omnium
958 2488 1115 2554 bonorum
1146 2510 1275 2553 suorum
1303 2498 1336 2554 et
1357 2488 1540 2553 monasterii

346 2596 525 2678 memorati,
548 2615 646 2681 super
668 2593 786 2681 quibus
808 2596 869 2681 ipsi
892 2596 1122 2659 constituentes
1144 2595 1314 2681 pecierunt
1336 2592 1397 2657 sibi
1413 2614 1470 2679 per
1485 2612 1538 2656 me

345 2698 417 2764 fieri
446 2722 548 2764 unum
576 2698 630 2764 vel
659 2698 754 2785 plora
779 2699 945 2785 publicum
967 2699 1021 2764 vel
1044 2698 1173 2784 publica
1195 2701 1416 2763 instrumenta.
1453 2695 1538 2760 Acta

347 2812 422 2869 sunt
450 2803 532 2869 haee
561 2806 595 2869 in
625 2803 789 2869 (lhotwico
819 2826 905 2868 anno
934 2802 1109 2868 indictione
1139 2802 1342 2889 pontificatus
1373 2800 1425 2866 die
1457 2799 1537 2865 hora

347 2907 464 2994 quibus
492 2929 589 2995 supra
614 2907 839 2993 praesentibus
867 2906 1012 2973 discretis
1039 2908 1116 2971 viris
1139 2906 1312 2991 Hennigho
1340 2904 1477 2992 plebano
1502 2906 1537 2968 in

346 3012 499 3079 Hainfeld
523 3022 555 3078 et
577 3013 674 3078 Petro
698 3012 739 3078 de
761 3012 930 3098 Euerding
952 3011 1070 3077 clerico
1092 3021 1125 3076 et
1147 3010 1216 3076 aliis
1238 3010 1304 3075 fide
1327 3009 1441 3095 dignis.

451 3186 498 3274 (S.
514 3186 592 3274 Ν.)ο
616 3195 649 3251 et
670 3208 730 3271 ego
752 3186 936 3270 Hainricus‚
961 3185 1070 3252 Sifridi
1093 3185 1134 3250 de
1157 3185 1267 3270 Time,
1291 3184 1426 3250 clericus
1445 3184 1537 3249 Pata-

347 3293 467 3356 viensis
498 3291 655 3377 dyocesis,
686 3290 835 3377 publicus
864 3290 1022 3377 imperiali
1054 3293 1242 3356 auctoritate
1265 3290 1418 3374 notarius,
1441 3287 1538 3352 dicto

347 3419 419 3461 rum
441 3406 686 3483 procuratorum
709 3398 898 3461 constitutor
920 3405 952 3461 et
974 3395 1122 3460 omnibus
1145 3405 1177 3461 et
1199 3396 1332 3481 singulis
1355 3394 1536 3481 praemissis

346 3500 488 3566 videndo
518 3510 550 3566 et
579 3500 740 3566 audiendo
762 3523 918 3587 praesens
940 3501 1070 3566 interfui
1092 3511 1124 3565 et
1146 3500 1215 3565 aliis
1238 3503 1344 3564 causis
1365 3497 1536 3586 impeditus

311 3629 313 3632 ’
346 3628 406 3694 per
427 3605 526 3670 alium
548 3604 645 3671 scribi
667 3627 822 3693 praesens
843 3607 1091 3670 instrumentum
1112 3605 1176 3669 feci
1199 3613 1232 3670 et
1254 3602 1355 3689 sigillo
1379 3602 1455 3668 dicti
1483 3600 1535 3665 do

347 3712 424 3775 mini
454 3709 580 3775 abbatis
611 3709 742 3796 sigillari
772 3712 943 3796 ipsumque
966 3710 1094 3773 nomine
1117 3718 1150 3774 et
1172 3708 1315 3794 singnisl
1339 3710 1418 3772 meis
1441 3706 1536 3771 solitis

348 3814 582 3880 subscribendo
611 3814 781 3900 singnavid
810 3836 878 3879 una
908 3835 981 3878 cum
1012 3813 1105 3878 dictis
1128 3812 1262 3878 testibus
1287 3810 1468 3897 specialiter
1488 3832 1536 3874 re·

347 3922 491 4007 quisitus.

450 4095 476 4147 S.
498 4095 523 4146 d.
545 4094 628 4145 Abtes
657 4093 749 4146 Ulrich
769 4094 804 4145 11.
825 4110 851 4144 v.
873 4093 1008 4160 Gottweig
1034 4093 1173 4159 spitaoval,
1200 4092 1350 4159 ungeftrbt,
1377 4091 1418 4142 III
1438 4091 1460 4141 Δ
1481 4092 1497 4140 2
1517 4105 1536 4140 a

348 4183 399 4248 (nr.
418 4184 467 4232 671
492 4182 519 4233 S.
537 4179 571 4250 1).

347 4443 412 4497 ott.
451 4455 462 4479 ⁸
485 4446 541 4496 Das
567 4444 823 4506 Notariatszeichen,
849 4450 929 4495 unter
956 4443 1085 4495 welchem
1111 4442 1243 4494 Heinrich
1268 4444 1469 4495 unteraeichnet
1494 4444 1537 4505 ist,

347 4534 424 4584 weist
440 4533 639 4598 Veraiernngen
661 4533 717 4594 aui,
739 4532 880 4583 innerhalb
903 4531 1019 4583 welcher
1042 4547 1076 4582 an
1099 4531 1307 4583 verschiedenen
1330 4531 1431 4583 Stellsn
1449 4532 1536 4582 Buch-

347 4620 441 4671 staben
467 4621 495 4670 in
523 4619 674 4685 gothischer
700 4619 834 4670 Mainakel
861 4619 1026 4685 engebracht
1052 4620 1119 4670 sind.
1156 4619 1410 4682 Notariatsaeichen,
1441 4620 1537 4671 Untsr·

347 4707 442 4758 schrift
459 4707 514 4757 und
533 4706 846 4774 Beglanbignngslormel
865 4723 919 4757 von
936 4706 1050 4758 anderer
1068 4706 1148 4757 Hand
1166 4707 1221 4757 und
1238 4707 1325 4757 Tinte.
1346 4733 1377 4743 —
1396 4707 1409 4740 ⁶
1427 4705 1458 4756 A.
