3400 5350
427 594 505 663 845.
1182 600 1281 682 [tuus
1297 621 1351 662 ror
1365 604 1448 662 lun
1463 600 1537 680 ut]

382 787 522 871 Biscbof
546 790 648 873 Geory
677 810 737 855 uon
763 789 892 856 Pascua
921 795 1005 874 trdpt
1035 791 1106 856 dem
1127 789 1272 856 Docbant
1293 790 1424 856 Martia
1446 790 1592 856 Komar

381 915 423 959 su
446 894 536 960 sieta
558 895 610 960 die
631 894 910 978 Vercasoblopaap
931 895 987 960 der
1008 894 1108 961 durch
1123 895 1247 978 Hersoy
1261 894 1410 960 Albrocbt
1426 894 1504 959 ΙΙΙ.
1522 916 1592 960 voa

383 997 574 1065 Oestesreicb
588 997 776 1082 bewilliqtea
790 997 903 1063 Steuer
922 1000 989 1082 auf
997 1000 1058 1064 den
1071 998 1183 1065 Oleros
1196 1000 1296 1065 seina
1310 997 1495 1065 Dicamus
1511 1000 1590 1081 auf.

486 1173 578 1240 Copia,
596 1173 681 1224 wbrtl.
694 1174 818 1224 inseriert
835 1175 865 1224 in
883 1190 922 1223 nr.
936 1175 987 1224 846
1001 1173 1055 1241 (Β).

486 1262 538 1312 Die
555 1261 774 1327 chronologische
792 1263 970 1328 Bcgreusung
987 1262 1034 1313 des
1052 1261 1243 1329 'l'agssdatums
1265 1261 1352 1328 ergibt
1368 1261 1427 1311 sich
1447 1277 1502 1312 aus
1523 1262 1591 1313 dam

382 1350 411 1398 in
429 1348 477 1399 der
494 1348 625 1401 Urkunde
642 1349 816 1400 euthaltanen
834 1349 973 1401 Hinweise
990 1348 1040 1400 suf
1054 1349 1107 1400 dan
1125 1365 1178 1400 von
1190 1349 1297 1416 Herzog
1307 1348 1440 1400 Albi-aoht
1451 1349 1506 1400 ΠΙ.
1522 1350 1591 1402 fasc

381 1441 518 1502 gasetsten
536 1435 770 1502 zahlungstermin
788 1435 838 1502 (nr.
851 1437 922 1503 stu).

486 1590 625 1657 Georius
648 1590 701 1656 dei
724 1600 756 1657 et
770 1590 944 1679 apostolice
960 1591 1046 1657 sedis
1060 1593 1171 1678 gracia
1187 1594 1355 1679 episcopus
1370 1591 1590 1657 Pataviensis

383 1694 500 1760 dilecto
530 1695 643 1760 nobis·
655 1747 1242 1762 ........................
1259 1707 1440 1761 extremam
1473 1706 1511 1760 et
1539 1700 1588 1761 in·

382 1798 566 1866 evitabilem
588 1801 815 1866 necessitatem
838 1799 975 1865 ecclesie
997 1810 1106 1867 nostre
1129 1801 1328 1866 Pataviensis
1342 1799 1477 1865 illustris
1493 1803 1588 1888 prin·

383 1928 470 1991 ceps,
501 1905 648 1972 dominus
676 1905 830 1971 Albertus
861 1904 930 1970 dux
952 1905 1084 1971 Austris
1107 1914 1159 1970 otc
1162 1956 1535 1971 ...............
1553 1918 1588 1971 et

304 2084 307 2090 ¹
383 2061 719 2076 ..............
737 2012 896 2091 sustinuit,
912 2010 1018 2075 eidem
1034 2008 1170 2075 ecclesie
1186 2020 1219 2076 et
1232 2008 1325 2076 nobis
1341 2009 1587 2095 compaciendo

381 2113 482 2180 voluit
510 2114 749 2180 racionabiliter
770 2116 804 2179 in
825 2122 935 2200 partes
958 2113 1104 2179 dividere
1126 2122 1158 2179 et
1179 2113 1326 2179 membra
1349 2115 1447 2199 capiti
1465 2165 1583 2178 .....

384 2270 820 2284 ..................
838 2218 1050 2284 devocionom
1072 2228 1171 2301 tuam,
1202 2240 1299 2304 quam
1320 2216 1363 2282 ad
1386 2239 1446 2282 nos
1470 2229 1507 2282 et
1532 2241 1583 2283 ec

383 2322 513 2389 clesiam
541 2332 684 2388 nostram
706 2332 738 2388 te
761 2322 883 2388 habere
911 2326 1120 2409 cognovimus
1147 2333 1180 2388 et
1201 2322 1365 2388 hortamur
1386 2323 1419 2387 in
1443 2320 1582 2388 domino

382 2427 439 2493 tibi
461 2427 684 2493 nichilominus
706 2429 740 2493 in
762 2429 881 2493 virtute
904 2438 1015 2493 sancte
1032 2477 1580 2493 ......................

382 2554 516 2598 onerum
545 2543 578 2598 et
607 2532 788 2598 debitorum
817 2532 1021 2598 huiusmodib
1044 2530 1175 2597 cuilibet
1197 2532 1387 2597 clericorum
1409 2532 1456 2595 tui
1480 2530 1581 2597 deca·

381 2649 476 2705 natus
492 2637 615 2705 medios
630 2638 753 2704 fructus
768 2660 899 2705 suorum
913 2636 1145 2704 beneficiorum
1168 2635 1275 2724 quoad
1298 2634 1440 2702 valorem
1462 2659 1581 2703 eorum

381 2745 451 2831 inp
468 2793 1054 2810 ........................
1072 2745 1218 2829 imponas
1233 2740 1347 2822 taliter,
1364 2741 1451 2828 quod
1469 2743 1582 2809 exhoc

381 2859 493 2915 contra
515 2850 731 2914 intencionem
752 2857 895 2914 nostram
918 2857 950 2913 et
969 2850 1211 2934 imposicionem
1231 2845 1452 2933 supradictam
1469 2847 1581 2913 nullus

381 2975 416 3019 se
446 2955 582 3038 senciat,
613 2953 685 3040 plus
716 2952 824 3019 debite
841 3002 1432 3018 ........................
1455 2974 1579 3039 expec-

380 3059 491 3124 tandi⁰
509 3081 581 3123 cum
598 3057 707 3123 debito
723 3057 894 3143 computo⁶
916 3067 948 3122 et
963 3060 1092 3123 racione
1108 3057 1287 3122 satisfacias
1302 3055 1385 3121 infra
1399 3059 1579 3123 terminum

381 3187 402 3228 a
423 3162 569 3250 predicto
593 3162 720 3227 domino
744 3161 881 3227 ducein
905 3162 1016 3228 litteris
1039 3163 1105 3226 suis
1125 3162 1285 3248 prefixum
1302 3182 1419 3248 person
1436 3211 1577 3226 ......

383 3317 822 3332 ..................
839 3265 945 3332 taliter
967 3276 998 3331 te
1020 3264 1143 3331 habeas
1165 3268 1198 3330 in
1221 3265 1395 3352 premissis,
1418 3263 1510 3350 quod
1535 3266 1578 3331 ab

381 3370 533 3435 altissimo
556 3369 804 3436 retribucionem
827 3370 925 3457 digne
948 3381 1113 3457 expectes,
1144 3371 1234 3435 cuius
1257 3391 1336 3457 opus
1359 3370 1476 3455 agitur,
1500 3381 1537 3434 et
1558 3394 1578 3436 a

381 3474 473 3540 nobis
495 3477 648 3540 merearis
671 3474 770 3540 retrib
789 3525 1377 3540 ........................
1399 3473 1497 3539 Anno
1522 3474 1577 3539 do

380 3581 458 3645 mini
481 3590 541 3645 etc.
566 3579 732 3645 LXXXX
754 3581 874 3668 quinto.

424 3826 501 3895 846.
1071 3826 1171 3908 [1395
1187 3846 1242 3888 vor
1254 3830 1336 3888 llus-u
1351 3824 1418 3907 21,]
1433 3828 1530 3888 Statu.

381 4018 510 4085 Martia
532 4018 670 4098 Koracr,
693 4016 839 4083 Dccboat
862 4039 903 4081 cu
925 4018 1026 4097 Statu,
1048 4017 1130 4100 βάρι
1152 4016 1211 4081 dea
1233 4014 1451 4097 Beneficium
1473 4016 1574 4082 sanas

381 4121 559 4189 Decuautes
578 4144 632 4203 aa,
655 4121 729 4188 duas
743 4123 789 4188 sie
803 4123 854 4187 die
868 4122 964 4186 iliaca
978 4141 1190 4204 auqenaasscae
1204 4120 1325 4200 dieser,
1347 4118 1458 4185 welche
1478 4119 1573 4185 ibaar

381 4230 447 4312 auf
455 4228 578 4295 Zettela
599 4229 687 4294 baud
706 4227 848 4312 yemacbt
871 4227 962 4308 wird,
985 4226 1033 4292 bis
1054 4247 1128 4290 aum
1141 4226 1353 4309 festpcsetstea
1367 4224 1514 4290 Termine
1533 4247 1572 4290 aa

839 4331 986 4398 bcaalden
1007 4331 1117 4396 baben.

381 4524 448 4580 845.
486 4537 499 4561 ⁵
516 4523 609 4578 deha
627 4527 686 4577 hier
703 4524 758 4576 und
776 4524 917 4576 weiterhin
939 4524 1042 4589 infulge
1059 4523 1107 4575 der
1126 4521 1358 4588 Varstdmmelung
1375 4521 1423 4573 dor
1441 4522 1571 4574 Urkunds

381 4631 420 4665 nr.
434 4616 484 4666 846
497 4614 580 4665 durch
593 4614 673 4665 sinon
686 4613 888 4680 rechtuseitigen
902 4611 1050 4663 Abschnitt
1071 4639 1102 4648 -
1122 4612 1135 4646 θ
1152 4610 1184 4662 Δ.
1196 4611 1301 4663 Ιιυίωᾶ.
1320 4637 1352 4647 -
1371 4610 1426 4660 ‘h
1440 4611 1570 4677 captata&

382 4703 735 4766 -sasaumaosa,
