3400 5350
1305 406 1366 472 231

173 593 251 657 mini
280 613 481 677 promovere,
511 616 553 658 ne
585 592 706 658 laicalis
737 593 895 660 calliditas
925 604 1036 660 contra
1059 595 1277 662 ecclesiastica
1299 599 1371 662 iura

175 695 236 762 sub
264 696 359 783 pallio
387 699 523 763 astutiae
550 699 658 784 inique
685 698 874 784 praevaleat
896 707 929 764 et
950 721 1109 785 personae
1132 700 1370 766 ecclesiasticae

172 803 414 887 praenominato
437 800 566 867 domino
588 801 831 889 archiepiscopo
855 812 888 868 et
902 801 993 868 vobis
1009 803 1148 869 fideliter
1162 803 1367 870 intendentes

174 909 208 970 in
236 906 302 970 suis
330 905 453 970 iuribus
480 915 513 970 ct
534 905 708 971 honoribus
731 905 977 992 supplantentur
999 909 1045 972 sic
1068 931 1111 972 ex
1133 910 1238 992 gratia
1260 931 1371 996 super·

175 1009 356 1076 abundanti
385 1010 512 1093 facturi,
543 1020 580 1075 ut
609 1013 635 1075 si
664 1033 725 1098 per
755 1033 865 1077 casum
896 1010 1036 1098 aliquem
1063 1034 1197 1078 neeesse
1220 1012 1371 1078 habuerit

175 1116 339 1199 negotium
368 1113 412 1179 ad
434 1114 614 1180 Romanam
645 1117 768 1180 curiam
797 1115 1024 1201 transferendi,
1054 1127 1164 1182 vestra
1193 1120 1369 1204 paternitas

175 1221 242 1283 suis
265 1242 339 1284 eum
365 1222 477 1284 amicis
499 1219 711 1286 amicabiliter
733 1220 976 1286 recommendet
997 1221 1248 1310 praedictusque
1271 1222 1370 1289 domi·

174 1344 236 1387 nus
264 1345 356 1388 meus
383 1346 440 1410 pro
469 1346 507 1389 eo
534 1324 666 1409 scribat,
689 1325 806 1411 qnibns
828 1347 887 1392 voe
910 1347 969 1412 pro
992 1348 1030 1392 eo
1052 1325 1260 1392 scribendum
1282 1328 1369 1394 vide·

176 1428 253 1509 ritis,
286 1430 340 1513 qui
361 1436 429 1493 tam
452 1429 529 1493 iuris
552 1431 696 1494 notitiam
719 1453 816 1515 quam
843 1440 962 1496 statum
990 1433 1098 1496 curiae
1121 1442 1231 1497 notum
1254 1431 1370 1497 ducitis

176 1540 209 1596 et
230 1533 371 1616 gestatis.

280 1651 520 1719 Ueberschrift:
545 1652 610 1736 ,Ad
633 1655 821 1739 episcopum
843 1654 1091 1721 Larentinam.¹
1125 1655 1281 1742 Implorat
1303 1658 1370 1723 eius

175 1758 388 1842 patrocinium
415 1780 474 1844 pro
502 1757 622 1823 abbate
652 1759 848 1826 Gotwicensi
877 1761 911 1824 in
939 1781 1037 1825 causa
1059 1769 1247 1847 patronatus
1271 1759 1371 1827 eccle-

175 1863 243 1926 siae
267 1861 407 1927 Sanctae
429 1862 653 1929 Petronellae‘.

220 2088 297 2156 217.
992 2093 1065 2174 [Ver
1080 2097 1165 2155 1300
1179 2098 1241 2155 tull
1258 2093 1325 2176 25.]

174 2262 241 2328 Abt
274 2263 431 2329 Heinrich
453 2264 474 2327 1
479 2265 513 2329 V.
543 2285 604 2329 coa
634 2264 788 2348 Gdttwcip
817 2265 941 2331 eraocbt
970 2266 1031 2330 dec
1060 2266 1253 2348 Erebiscbof
1276 2267 1370 2332 Kon-

174 2369 238 2432 rod
260 2369 321 2434 IV.
343 2389 405 2434 coc
434 2369 600 2452 Solebam,
635 2369 705 2434 dem
737 2391 799 2435 oon
831 2370 898 2435 ilem
931 2378 1109 2436 monetes
1141 2371 1279 2454 Pforrer
1311 2392 1372 2436 coa

174 2472 335 2538 Petrooell
357 2473 529 2539 Friedrich
554 2494 615 2539 voa
637 2474 866 2541 Plcalceasteia
893 2475 945 2540 dte
967 2474 1108 2557 Dispene
1131 2497 1200 2541 eom
1220 2474 1372 2558 Defectus

597 2579 713 2645 aetatis
734 2600 775 2644 ao
796 2580 955 2645 ertbeilca.

281 2735 344 2800 Pes,
362 2736 442 2787 Thes.
455 2736 574 2788 anecdot.
588 2735 673 2803 VIlII,
695 2739 742 2788 181
762 2754 801 2788 nr.
815 2739 858 2789 31.

281 2857 342 2924 Vgl.
362 2874 401 2909 nr.
420 2858 480 2909 215.

280 3013 419 3078 Tantam
446 3015 564 3078 seimus
592 3036 663 3079 esse
690 3015 907 3079 sinceritatem
930 3015 1029 3079 vestri
1052 3016 1201 3100 pectoris,
1224 3022 1260 3078 ut
1284 3012 1373 3078 nullo

176 3117 273 3182 modo
310 3117 505 3203 dubitemus,
548 3119 625 3205 quin
666 3121 812 3204 personis
855 3118 1083 3183 ecelesiasticis
1119 3128 1247 3183 vestrae
1284 3119 1373 3182 iuris-

178 3220 310 3286 dictioni
351 3221 503 3289 subiectis
546 3234 657 3289 cenna
699 3225 948 3310 opprimentium
986 3224 1153 3289 violentias
1191 3231 1224 3288 et
1261 3230 1374 3288 contra

177 3334 380 3391 versutorum
410 3329 542 3391 astutias
572 3328 736 3391 assistatis.
779 3327 890 3407 Quare
921 3348 994 3391 curn
1025 3336 1172 3413 potentes
1202 3326 1299 3411 aliqui
1340 3327 1374 3389 in

181 3429 251 3492 iure
288 3450 328 3492 ae
364 3429 485 3495 honore
522 3430 615 3495 nobis
653 3433 847 3516 competenti
881 3430 1111 3516 impedimenta
1143 3432 1275 3496 iniicere
1309 3452 1374 3494 mo-

177 3530 306 3616 liantur,
343 3536 480 3619 petimus
513 3534 684 3617 humiliter,
720 3544 889 3621 quatenus,
924 3558 998 3599 cum
1029 3534 1215 3599 Fridericus
1246 3534 1287 3598 de
1311 3542 1374 3617 ..‚·

179 3640 230 3701 eui
271 3648 404 3725 propter
445 3661 522 3703 suae
565 3638 732 3724 probitatis
779 3642 893 3704 merita
933 3662 973 3704 ac
1010 3640 1179 3704 utilitatem
1216 3638 1373 3703 ecclcsiae

180 3741 319 3807 Sanctae
342 3742 544 3808 Petronellae
574 3746 608 3808 in
639 3745 732 3808 metis
755 3743 920 3827 Ungariae
951 3766 1010 3829 per
1040 3747 1215 3828 potentiam
1243 3764 1374 3808 suorum

179 3849 355 3911 amicorum
388 3847 513 3912 facilius
547 3857 579 3912 et
613 3847 726 3912 melius
760 3846 981 3912 defensandae
1012 3849 1205 3912 necessitate
1237 3856 1374 3931 urgente

179 3948 317 4014 eandem
332 3950 504 4015 ecelesiam
519 3949 672 4015 duximus
690 3950 921 4015 conferendam
943 3949 1126 4015 dioecesani
1148 3952 1290 4035 episcopi
1311 3949 1373 4013 suf·

178 4053 326 4138 fragante
357 4077 526 4138 consensu,
558 4055 734 4140 dignemini
766 4064 832 4119 tam
862 4054 982 4120 utiliter
1004 4077 1102 4141 quam
1125 4053 1374 4119 misericorditer

179 4180 277 4243 super
306 4158 436 4224 defectu
466 4161 590 4243 aeta-tie,
621 4182 718 4245 quam
749 4161 894 4244 sustinet,
928 4158 1126 4245 dispensare,
1150 4156 1229 4223 alias
1251 4179 1309 4222 nos
1332 4155 1374 4220 de

179 4261 378 4347 benignitate
401 4274 519 4348 vestra,
551 4286 634 4349 quae
658 4286 693 4328 se
717 4263 865 4328 omnibus
889 4265 1114 4346 communicat,
1137 4271 1233 4348 prout
1254 4260 1297 4325 H.
1320 4283 1373 4325 no·

180 4486 244 4543 ale.
284 4488 443 4541 ¹Heinrich
467 4490 550 4552 Heus,
578 4489 689 4540 Bischof
714 4506 766 4541 von
789 4491 897 4541 Levant
921 4491 985 4540 1291
1012 4488 1133 4539 Febrnar
1156 4489 1189 4537 26
1212 4514 1246 4524 —
1269 4487 1286 4552 †
1307 4487 1373 4537 1303

181 4576 233 4642 (Eu
254 4576 290 4639 el,
308 4577 446 4628 Hierarch.
466 4576 537 4643 310).

180 4677 243 4733 als.
282 4693 296 4717 ⁸
314 4683 385 4733 Zwei
400 4683 506 4733 Punkte
523 4687 623 4733 anstatt
639 4682 685 4732 des
699 4680 917 4748 weggelassenen
931 4680 1061 4731 Namens:
1077 4677 1286 4731 Ptaacbenatatc.
