3400 5350
1309 427 1373 494 329

181 644 277 686 mane
306 625 405 687 missa
434 645 492 708 pro
522 622 683 687 defunctis
714 645 788 687 cum
820 622 918 687 choro
940 620 1087 687 tonaliter
1109 621 1292 687 celebretur
1314 624 1373 686 sin·

181 725 264 812 gulis
292 727 514 792 sacerdotibus
544 729 674 792 missam
701 749 799 792 unam
822 727 1045 792 nichilominus
1067 726 1248 812 legentibus
1271 729 1304 793 in
1327 749 1373 791 se·

182 840 321 917 questro.
352 832 437 897 Etsi
461 831 546 896 diem
568 832 666 915 illam,
688 833 722 896 in
745 852 809 917 qua
832 830 1005 896 defunctus
1028 832 1253 915 annunciatur,
1277 831 1375 896 fuerit

182 935 299 1001 festum
329 934 458 1023 aliquod
489 936 543 1001 vel
573 938 744 1021 negocium
779 935 972 1022 impedierit,
1006 938 1153 1022 sequenti
1188 934 1250 1018 die,
1287 935 1373 1022 quod

182 1040 365 1125 neglectum
388 1051 446 1125 est,
471 1041 661 1128 diligencius
685 1041 881 1128 suppleatur.
912 1041 1004 1106 Etsi
1026 1040 1166 1127 aliquem
1188 1039 1242 1104 illa
1262 1040 1315 1105 die
1330 1064 1373 1105 ex

181 1145 404 1212 sacerdotibus
425 1168 544 1212 vacare
567 1148 744 1231 contigerit,
768 1147 959 1232 quantocius
982 1145 1120 1211 eandem
1142 1145 1371 1231 neglienciam¹

181 1250 340 1337 suppleat,
368 1250 498 1337 quando
525 1259 638 1337 potest.
683 1250 749 1316 Alii
771 1272 849 1315 vero
873 1248 1050 1315 sacerdocii
1073 1249 1284 1315 karakterem
1307 1272 1371 1315 non

181 1353 339 1421 habentes
362 1378 463 1421 unum
483 1355 595 1441 legant
616 1355 813 1441 psalterium,
837 1357 985 1420 conversi
1006 1377 1084 1420 vcro
1100 1365 1133 1420 et
1147 1377 1273 1420 sorores
1288 1355 1374 1420 mille

182 1459 305 1525 dicant:
328 1469 559 1547 paternoster,
583 1460 813 1526 salutacionem
836 1460 931 1526 beate
954 1461 1087 1545 virginis
1110 1458 1243 1525 cuilibet
1264 1459 1374 1525 adiun-

180 1574 304 1649 gentes‚
338 1563 498 1630 sacerdoti
530 1586 610 1630 vero
644 1563 797 1630 defuncto
831 1567 901 1629 sive
932 1563 1080 1651 dyacono
1111 1587 1176 1629 una
1204 1563 1374 1650 prebenda

182 1668 298 1734 eodem
320 1668 372 1733 die
395 1668 547 1734 videlicet
569 1668 781 1756 deposicionis
803 1691 871 1754 sue,
902 1691 966 1755 que
989 1670 1156 1734 consuevit
1177 1668 1248 1735 dari
1269 1692 1373 1735 sacer-

184 1773 311 1838 dotibus
345 1775 413 1838 sive
449 1772 658 1861 dyaconibus,
694 1772 819 1839 duobus
855 1773 1033 1838 scolaribus
1061 1772 1243 1858 legentibus
1273 1797 1373 1840 unum

181 1877 367 1964 psalterium
391 1878 561 1962 tribuatur,
592 1880 619 1943 si
642 1900 720 1942 vero
742 1880 776 1942 in
798 1876 1002 1943 inferioribus
1025 1876 1191 1943 ordinibus
1214 1881 1374 1944 constituti

182 1981 333 2047 videlicet
371 1980 574 2070 subdyaconi
613 1981 719 2048 acoliti
758 1984 907 2048 conversi
944 2003 1070 2047 sorores
1103 1984 1189 2047 viam
1222 1985 1373 2048 universe

185 2089 291 2152 carnis
319 2089 457 2173 ingressi
478 2087 607 2171 fuerint,
638 2088 753 2152 iterum
776 2086 869 2151 nobis
891 2088 1105 2152 annuncietur
1131 2096 1164 2152 et
1190 2087 1315 2172 vigilias
1342 2099 1375 2153 et

181 2193 312 2256 missam
342 2213 440 2257 uuam
470 2191 706 2257 celebrabimus
736 2194 770 2256 in
801 2194 972 2257 communi.
1017 2192 1061 2256 Et
1086 2214 1128 2257 ne
1150 2194 1202 2278 pie
1224 2192 1372 2257 recorda·

182 2298 282 2362 cionis
312 2296 438 2380 flames,
473 2295 659 2362 sacerdotes
689 2318 728 2361 ac
763 2298 996 2383 cuiuscumque
1031 2295 1227 2362 condicionis
1260 2297 1372 2384 prede·

182 2402 347 2468 cessoresb
377 2425 397 2467 a
428 2412 494 2467 tam
522 2404 574 2488 pic
605 2401 790 2466 devocionis
820 2411 895 2467 voto
926 2400 1033 2488 aliquo
1056 2401 1150 2466 modo
1174 2412 1373 2488 separentur,

181 2509 358 2591 statuimus,
388 2515 425 2572 ut
454 2516 548 2572 sexta
577 2507 658 2571 feria
688 2507 806 2571 festum
839 2508 1037 2571 ascensionis
1072 2506 1192 2572 domini
1225 2510 1373 2594 proxime

182 2611 399 2698 subsequente
429 2613 520 2677 annis
550 2610 684 2698 singulis
714 2609 934 2698 sollempniter
963 2634 1037 2677 cum
1067 2612 1178 2698 vigilia
1211 2621 1244 2679 et
1276 2615 1373 2678 missa

180 2720 324 2803 ipsoram
347 2715 573 2782 defunctorum
595 2739 634 2781 ac
657 2719 805 2782 vivorum
828 2716 1021 2799 celebretur,
1049 2719 1203 2783 memoria
1225 2719 1373 2804 specialis

182 2821 315 2906 singulis
347 2820 570 2887 sacerdotibus
600 2823 731 2887 missam
760 2844 858 2886 unam
889 2820 1114 2886 nichilominus
1135 2822 1317 2907 legentibus
1340 2826 1373 2888 in

180 2936 357 3013 sequestro,
387 2925 457 2991 aliis
488 2948 566 2991 vero
595 2926 680 2991 infra
709 2925 933 2991 sacerdocium
963 2927 1127 2990 constitis⁰
1157 2924 1372 3013 explentibus,

181 3053 244 3118 que
275 3040 350 3097 sunt
381 3032 526 3116 superius
557 3040 710 3096 annotata
736 3032 790 3111 ita,
821 3029 909 3116 quod
933 3027 1047 3094 eodem
1070 3029 1122 3095 die
1146 3041 1282 3116 quatuor
1304 3054 1372 3117 pre·

180 3134 288 3200 bendo
311 3134 512 3200 dominorum
536 3135 732 3221 pauperibus
755 3136 788 3199 in
810 3132 991 3199 remedium
1014 3144 1047 3200 et
1065 3134 1214 3200 levamen
1232 3137 1373 3201 omnium

179 3239 323 3304 fidelium
353 3237 579 3304 defunctorum
608 3238 784 3325 plenariter
813 3239 992 3324 largiantur
1021 3249 1054 3304 et
1080 3262 1138 3304 nos
1170 3263 1188 3304 e
1216 3262 1372 3305 converso

180 3366 238 3429 pro
262 3343 409 3408 omnibus
432 3342 521 3429 apud
543 3365 601 3408 vos
625 3342 786 3409 defunctis
810 3365 893 3429 eque
916 3345 1102 3409 memoriam
1125 3346 1217 3408 annis
1241 3345 1372 3430 singulis

180 3470 375 3535 peragemus
397 3446 551 3513 videlicet
572 3448 653 3513 feria
675 3458 769 3513 sexta
791 3447 908 3512 festum
932 3449 1072 3513 omnium
1096 3458 1280 3514 sanctorum
1302 3473 1372 3536 pro·

180 3555 267 3617 xime
298 3551 526 3639 subsequente.
572 3551 726 3617 Volentes
757 3555 870 3636 eciam,
900 3562 935 3617 ut
958 3552 1117 3618 festivitas
1141 3555 1239 3619 nostri
1253 3554 1372 3619 funda-

180 3659 256 3723 toris
279 3655 430 3721 videlicet
452 3656 539 3721 beati
561 3656 726 3722 Altmanni
751 3657 885 3742 singulis
908 3659 1002 3722 annis
1025 3657 1149 3742 eodem,
1177 3680 1241 3745 quo
1264 3681 1372 3724 occur·

180 3761 264 3827 redit
287 3760 349 3846 die,
378 3771 457 3847 aput
477 3783 536 3825 vos
559 3783 634 3826 cum
656 3770 780 3848 septem
802 3760 976 3826 luminibus
1004 3774 1189 3849 peragatur,
1220 3763 1373 3829 fratribus

180 3889 308 3953 qnoque
331 3865 372 3930 de
396 3865 530 3951 collegio
552 3863 765 3930 existentibus
781 3874 906 3952 septem
922 3865 1046 3931 fercula
1061 3869 1289 3932 ministrentur.
1318 3867 1373 3932 Ad

180 3970 241 4035 hoc
272 3970 360 4035 idem
386 3969 573 4036 faciendum
603 3991 677 4034 cum
706 3972 946 4035 anniversarius
974 3969 1164 4036 fundatricis
1187 3981 1293 4036 vestre
1318 3971 1370 4036 do-

180 4076 266 4139 mine
282 4074 464 4160 Hiltpnrgis
481 4076 640 4139 comitisse
656 4077 842 4158 occurrerit,
867 4097 924 4139 nos
940 4073 1167 4139 inviolabiliter
1182 4074 1371 4160 obligamus

180 4178 222 4243 Et
251 4200 293 4242 ne
323 4177 384 4243 hec
415 4178 623 4243 fraternitatis
653 4180 817 4243 internos
840 4189 874 4244 et
895 4201 953 4243 vos
976 4181 1229 4243 communicacio
1251 4178 1294 4244 ab
1317 4178 1370 4243 ali·

181 4304 243 4368 quo
272 4282 380 4348 valeat
406 4284 439 4347 in
461 4293 626 4369 posterum
648 4284 765 4347 irritari
787 4282 840 4348 vel
863 4285 895 4347 in
919 4282 1113 4348 oblivionem
1137 4281 1277 4365 devolvi,
1301 4305 1371 4368 pre-

180 4397 302 4452 sentem
343 4389 496 4472 paginam
538 4386 631 4451 vcbis
673 4386 788 4452 damus
826 4388 1001 4473 sigillorum
1038 4397 1218 4452 nostrorum
1255 4386 1372 4453 robore

180 4628 245 4686 349.
283 4643 297 4668 ⁸
314 4635 345 4684 A.
364 4661 397 4671 -
416 4634 429 4668 b
447 4650 500 4684 von
518 4633 638 4699 gleicher
655 4633 736 4684 Hand
755 4633 810 4684 und
829 4633 910 4684 Tinte
928 4633 994 4684 tiber
1012 4632 1060 4683 der
1071 4632 1147 4684 Zeile
1164 4633 1371 4700 nachgetragen.

182 4746 212 4757 -
230 4730 242 4754 θ
260 4720 290 4771 Δ.
309 4723 538 4772 actionalitati.
