3400 5350
1280 349 1323 415 59

122 539 176 604 hic
200 548 264 604 est:
288 539 492 605 Wernherus
515 540 619 606 abbas
642 540 684 605 de
707 540 874 606 Ohctwicb
906 541 948 606 de
971 544 1083 627 viginti
1110 542 1200 606 libris
1223 543 1325 607 Ratis-

123 648 276 731 ponensis
300 655 427 721 monete
442 645 634 710 Lnthsrium
656 645 809 710 abbatem
832 645 873 710 de
890 646 971 710 Rote
995 668 1145 711 securum
1160 646 1280 712 redidit
1296 654 1327 710 et

124 747 331 835 L(uthe1iusl
356 748 485 814 consilio
509 751 670 814 seniorum
692 752 877 814 monasterii
905 752 954 814 sui
976 750 1032 833 liti,
1056 750 1217 836 quamde
1240 749 1326 833 villa,

128 874 192 939 que
216 853 405 918 Suaraaha³
428 853 554 938 dicitur,
579 863 611 918 et
626 853 667 918 de
690 854 759 918 aliis
775 853 1039 940 possessionibus,
1057 854 1098 919 de
1113 855 1230 940 quibus
1245 857 1329 920 inter

126 980 181 1022 eos
219 957 382 1022 discordia
416 968 494 1042 erat,
524 980 584 1044 per
618 959 906 1023 exfestucationem
940 958 1199 1044 abrenumtiavit,
1231 982 1328 1046 quam

125 1065 377 1128 transactionem
400 1086 443 1127 ex
466 1066 624 1148 peticione
647 1065 814 1149 utriusque
841 1066 942 1150 partis
970 1066 1168 1149 suscepimus
1197 1073 1229 1128 et
1255 1087 1328 1129 con·

126 1167 195 1232 silio
219 1167 357 1243 ecclesie
380 1177 487 1245 nostre
510 1178 618 1232 nostra
641 1170 832 1233 auctoritate
857 1170 1127 1233 confirmavimus.
1157 1168 1209 1233 Ne
1231 1171 1328 1256 igitur

128 1293 306 1356 pravorum
322 1271 487 1335 hominum
504 1272 740 1337 machinatione
756 1272 816 1350 bec
832 1275 864 1337 in
882 1282 1044 1359 posterum
1060 1297 1080 1337 a
1102 1296 1161 1338 sna
1175 1273 1327 1339 firmitate

127 1375 225 1441 avelli
249 1378 381 1461 possint,
413 1376 444 1440 in
476 1378 603 1462 scriptis
634 1376 783 1461 redigere
814 1387 846 1441 et
875 1377 969 1463 sigilli
1001 1380 1100 1443 nostri
1129 1380 1327 1463 inpressione

126 1480 259 1545 firmare
283 1482 476 1544 curavimus.
505 1480 608 1566 Igitur
631 1481 675 1544 fili
697 1480 868 1545 karissime
892 1481 1085 1546 Uuernhere
1109 1482 1211 1547 abbas
1234 1480 1327 1547 chot-

127 1586 278 1649 wicensis
311 1586 503 1667 monasterii,
541 1593 573 1648 te
609 1593 641 1649 et
674 1587 791 1668 omnia,
830 1607 893 1671 que
927 1586 970 1649 ad
1004 1595 1035 1650 te
1069 1596 1225 1671 spectant,
1264 1609 1328 1650 am-

126 1689 309 1774 plectentes
332 1688 479 1753 fovemus
504 1698 535 1752 et
558 1711 654 1753 manu
683 1700 794 1754 tencre
822 1689 1030 1775 disponimus,
1055 1690 1112 1754 sed
1141 1701 1174 1756 et
1202 1700 1328 1775 cuncta,

128 1815 192 1880 quc
225 1792 395 1878 largitione
428 1792 570 1858 fidelium
604 1803 659 1871 tue
695 1793 831 1874 ecclesip
865 1793 980 1859 collata
1017 1794 1068 1859 vel
1107 1794 1216 1859 adhuc
1255 1817 1327 1860 con·

127 1897 268 1963 ferenda
296 1908 380 1981 sunt,
405 1896 465 1961 sub
493 1900 624 1963 tuitione
653 1908 761 1963 nostra
789 1898 1093 1984 comprehendimus
1121 1908 1153 1964 et
1181 1899 1328 1964 corrobe-

127 2006 256 2068 ratione
279 2005 438 2089 presentis
462 2004 580 2088 pagine
603 2003 790 2068 stabilimus.
835 2003 974 2068 Nomina
996 2013 1108 2068 autem
1128 2026 1249 2087 eorum,
1274 2005 1329 2089 qui

129 2116 300 2194 presentes
322 2106 462 2189 fuerunt,
479 2106 541 2187 hec
564 2117 651 2172 sunt:
668 2108 832 2172 Romanus
849 2106 1026 2172 Gurcensis
1042 2110 1222 2194 episcopus,
1239 2107 1328 2173 Hen-

130 2213 215 2276 ricus
253 2210 357 2276 abbas
387 2210 498 2277 Sancti
529 2212 649 2294 Petri,⁴
681 2212 779 2296 Hugo
810 2214 991 2298 prepositus
1022 2214 1150 2277 maioris
1184 2212 1329 2295 ecclesie,

130 2316 295 2381 Henricus
333 2316 513 2400 prepositus
545 2314 929 2403 Berthersgadimensis‚⁶
952 2316 1177 2381 Wernhardus
1216 2316 1330 2381 Uorm-

131 2419 281 2485 bacensis
306 2419 418 2503 abbas,
446 2417 521 2484 Otto
548 2422 727 2506 prepositus
751 2419 1047 2505 Raitinburgensis3
1078 2420 1194 2486 (lomes
1225 2419 1330 2486 Geba-

131 2524 252 2589 hardus
285 2523 328 2588 de
350 2523 576 2607 Burchhusen,
609 2546 716 2589 comes
739 2523 886 2589 Siuridus
918 2525 958 2589 de
981 2524 1195 2608 Liubenowe,
1223 2546 1331 2589 comes

134 2627 331 2695 (Ibunradus
365 2630 469 2693 iunior
495 2638 527 2694 et
561 2628 662 2694 frater
695 2630 763 2694 eius
791 2627 938 2694 Siuridus
973 2628 1014 2694 de
1045 2629 1188 2714 Pilstein,
1224 2649 1331 2694 comes

133 2733 304 2799 Liutoldus
328 2732 369 2796 de
392 2731 514 2818 Plaien,
538 2733 719 2817 Piligrimus
744 2732 784 2797 de
807 2733 1000 2816 Wolmutsa,
1023 2733 1258 2798 Erchinbertus
1287 2732 1329 2797 de

132 2836 322 2920 Mosebach,
339 2836 483 2901 Turinch
496 2836 537 2901 de
549 2838 706 2920 Werueu,
722 2837 945 2902 Ekkehardus
964 2837 1005 2901 dc
1018 2838 1144 2921 Tanna,
1161 2838 1331 2901 Lutwinus

133 2943 339 3026 castellanus,
362 2940 541 3007 Hartnidus
566 2953 598 3007 et
619 2943 719 3007 frater
742 2945 810 3007 eius
833 2941 1072 3007 Marchuardus
1095 2942 1136 3006 de
1159 2941 1330 3027 Uzeliuge,

133 3045 314 3135 Liupcldus
339 3044 380 3110 de
404 3046 543 3111 Waldae

342 3168 414 3254 Ego
436 3167 648 3233 Eberhardus
671 3167 933 3255 archiepiscopus
956 3168 1141 3255 subscripsi.

343 3271 414 3357 Ego
436 3273 610 3337 Heinricus
632 3272 735 3337 abbas
759 3272 945 3360 subscripsi.

344 3377 414 3462 Ego
437 3376 535 3463 vao
556 3380 736 3463 prepositus
759 3376 946 3464 subscripsi.

345 3481 416 3566 Ego
438 3480 600 3546 Hem-icus
623 3481 767 3546 decanus
790 3481 976 3568 subscripsi.

237 3603 324 3668 Acta
348 3612 455 3667 autem
477 3612 552 3667 sunt
573 3606 634 3667 ista
656 3625 740 3667 anno
756 3602 896 3687 MCLIl,
912 3602 1087 3667 indictione
1110 3603 1222 3686 XIIII,
1246 3624 1330 3667 anno

133 3708 343 3792 pontificatus
360 3709 458 3771 nostri
467 3707 507 3792 V,
521 3717 676 3793 regnante
695 3706 901 3793 {chunrado
917 3707 931 3793 }{
946 3729 1030 3771 anno
1046 3709 1137 3792 regni
1154 3709 1222 3771 cius
1237 3706 1332 3792 XIII,

134 3832 250 3876 mense
273 3811 460 3876 decembrio
483 3813 516 3876 in
539 3813 670 3876 civitate
692 3811 707 3897 ξ
731 3811 925 3875 luuauiensi.
949 3811 964 3897 }{

243 3986 266 4038 S.
285 3987 310 4036 d.
332 3987 413 4037 Erab.
435 3986 582 4050 Eberhard,
605 3986 755 4052 ungeihrbt
778 3986 819 4036 111
831 3986 883 4036 A2
901 3987 926 4036 b.
945 3986 1081 4036 Umscbu:
1100 3985 1333 4051 ῩΕΒΕΒΑΒΒΙ·

131 4057 179 4122 151
195 4087 201 4098 ·
215 4073 282 4124 (IRA
299 4089 305 4101 ·
323 4073 611 4124 SALZBVRGENSIS
631 4089 636 4101 ·
654 4073 842 4124 ARCHIEPC.
877 4074 932 4123 Der
954 4073 1113 4123 Erzbischof
1133 4074 1196 4123 sitat
1217 4088 1251 4123 en
1276 4071 1334 4122 face

131 4161 175 4208 im
199 4157 293 4211 Ornata
310 4162 361 4211 mit
377 4161 514 4226 niedriger
531 4161 631 4210 Mithra
652 4161 701 4211 auf
722 4162 810 4211 einem
832 4160 1023 4211 Faldistorium
1046 4162 1096 4209 mit
1113 4160 1143 4225 jc
1165 4161 1253 4209 einem
1275 4175 1333 4209 ror·

130 4247 318 4313 springenden
340 4247 509 4314 Vogelkopfs
534 4264 568 4297 au
591 4247 688 4297 beiden
712 4247 802 4298 Seiten
825 4247 866 4297 als
889 4248 987 4308 Zierat,
1013 4246 1072 4297 httlt
1094 4248 1122 4296 in
1151 4246 1198 4296 der
1224 4245 1333 4296 rechten

132 4332 223 4382 Hand
239 4333 284 4385 das
302 4334 412 4398 Pedum,
432 4336 460 4385 in
478 4334 526 4384 der
543 4333 637 4383 linken
655 4334 702 4384 das
720 4333 892 4400 Evangeliar.

132 4540 188 4594 41.
246 4540 258 4573 ⁸
275 4560 313 4594 nr.
329 4546 352 4593 1.
372 4559 399 4593 u.
411 4542 516 4603 Karlin,
536 4544 568 4591 19
588 4558 627 4593 nr.
641 4543 682 4591 63.
696 4569 727 4577 -
739 4539 752 4571 ⁴
766 4543 937 4593 1147-1167
955 4540 1067 4592 Biscbcf
1077 4557 1101 4590 v.
1118 4540 1193 4592 Gurk
1207 4539 1333 4607 (Meiller,

133 4628 285 4696 Bebasa.
297 4628 369 4694 soe).
388 4657 420 4667 -
440 4627 452 4660 ⁶
472 4631 644 4679 1147-1174
661 4627 788 4694 (uertici,
805 4626 1030 4695 sau-scasas).
