3400 5350
1256 434 1319 499 115

126 622 222 685 morie
255 619 508 687 commendatur.
553 621 740 686 Innotescat
767 623 865 706 igitur
895 632 959 688 tam
989 623 1195 709 presentibus
1221 647 1318 711 quam

124 724 246 806 futuris,
281 723 368 810 quod
402 747 462 811 ego
495 726 668 791 Heinricus
702 726 755 791 dei
789 728 900 812 gracia
934 728 1070 793 ecclesie
1100 729 1316 794 Kotwicensis

126 828 226 893 abbas
243 839 276 893 et
290 838 375 894 totus
387 840 565 894 conventus
582 830 727 895 eiusdem
743 830 880 896 ecclesie
898 830 1040 897 decimas
1057 832 1193 897 ecclesie
1209 844 1317 898 nostre

125 932 250 1016 invilla,
263 955 326 1019 que
338 932 456 998 dicitur
467 933 685 1018 Schon‘ndorf,
699 945 764 999 tam
777 938 914 1000 maiores
927 956 1025 1021 quam
1036 940 1176 1001 minores
1190 937 1318 1004 domino

125 1036 231 1102 Vlrico
261 1037 403 1123 plebano
433 1037 474 1102 de
498 1037 729 1122 Winilinsdorf,
759 1047 837 1103 tunc
865 1039 971 1105 scribe
996 1038 1136 1125 Austris,
1169 1041 1210 1107 de
1233 1064 1314 1106 com·

124 1145 210 1206 muni
234 1141 364 1207 consilio
388 1151 420 1207 et
442 1164 601 1208 consensu
622 1165 682 1230 pro
705 1143 769 1208 LX
791 1142 918 1209 talentis
942 1146 1158 1210 concessimus
1181 1145 1224 1211 ad
1239 1156 1316 1211 tern-

124 1269 198 1332 pora
222 1249 289 1312 vite
312 1269 369 1312 sue
393 1251 538 1334 exceptis
561 1248 696 1313 decimis
718 1251 786 1313 vini
809 1258 842 1314 et
864 1272 928 1314 uno
951 1249 1120 1334 beneficio,
1144 1250 1230 1336 quod
1251 1254 1316 1337 qui-

125 1349 196 1416 dam
212 1350 344 1416 Vlricus
360 1362 571 1437 cognomento
586 1351 762 1417 Trismadr
784 1376 805 1417 a
826 1353 920 1418 nobis
943 1353 1063 1419 habet·
1086 1365 1118 1420 et
1134 1354 1189 1419 diu
1203 1354 1318 1420 habuit

124 1457 188 1520 iure
217 1455 318 1520 feudi.
365 1455 432 1520 Sed
460 1459 535 1543 quia
557 1456 722 1543 predictus
738 1457 869 1523 Vlricns
892 1457 1050 1544 plebanus
1075 1457 1218 1524 decimus
1240 1460 1316 1525 ville

125 1558 411 1624 Levbmanesdorf
436 1561 479 1625 ad
510 1560 681 1625 ecclesiam
711 1571 854 1627 nostram
884 1565 953 1627 iure
988 1571 1171 1648 spectantes
1204 1574 1316 1629 contra

124 1663 241 1728 bonam
270 1663 468 1729 voluntatem
498 1675 640 1731 nostram
670 1676 703 1731 et
732 1689 824 1731 suam
855 1669 1091 1732 conscienciam
1120 1667 1315 1754 possidebat,

123 1778 287 1855 tamquam
315 1771 367 1833 vir
395 1769 538 1855 prudens
573 1780 605 1835 et
637 1772 754 1835 timens
788 1770 953 1836 dominum
986 1794 1088 1837 unum
1120 1771 1317 1839 beneficium

125 1872 321 1940 decimarum
351 1874 495 1959 predicte
525 1873 610 1957 ville,
641 1873 728 1960 quod
758 1874 888 1939 aliunde
922 1875 1029 1941 fuerat
1062 1875 1248 1963 obligatum,
1283 1881 1316 1943 in

124 2000 196 2043 usus
220 1989 254 2043 et
276 1981 510 2065 possessionem
533 1980 671 2044 ecclesie
695 1990 801 2043 nostre
824 1978 962 2044 redemit
985 1989 1017 2045 et
1039 1983 1203 2046 annuatim
1224 1982 1316 2047 nobis

124 2085 255 2168 piscem,
287 2086 342 2169 qui
373 2083 489 2148 dicitur
518 2083 609 2166 hiiso,
641 2083 719 2148 dare
742 2085 897 2169 promisit,
922 2095 957 2149 ut
980 2082 1021 2148 de
1043 2083 1129 2149 bona
1151 2084 1315 2152 voluntate

124 2196 231 2253 nostra
261 2190 325 2251 iam
356 2187 459 2252 dictas
491 2187 634 2252 decimas
664 2197 789 2252 tantum
819 2186 861 2251 ad
894 2186 962 2252 dies
984 2191 1049 2253 vite
1073 2211 1130 2254 sue
1154 2189 1317 2275 possideat

124 2295 201 2357 etsi
225 2291 304 2378 quid
327 2294 416 2378 prius
438 2294 470 2356 in
495 2292 678 2357 detentione
702 2291 878 2356 earundem
900 2292 1098 2357 decimarum
1126 2293 1316 2381 deliquerat,

125 2396 180 2462 sibi
203 2420 248 2461 ex
271 2395 370 2462 corde
393 2399 638 2479 remitteremus,
662 2396 749 2483 quod
771 2398 882 2483 utique
905 2399 1010 2461 animo
1026 2401 1164 2482 gratanti
1179 2398 1315 2464 fecimus

125 2511 155 2565 et
173 2502 288 2568 libenti
311 2511 342 2566 et
365 2502 398 2566 in
421 2504 548 2588 signum
570 2500 656 2565 bone
678 2501 850 2566 voluntatis
873 2510 982 2566 nostre
1005 2512 1037 2566 et
1060 2502 1239 2567 devotionis
1254 2505 1315 2589 ipsi

125 2609 263 2671 omnium
279 2607 465 2671 oracionum
479 2614 663 2684 nostrarum
676 2605 823 2670 dedimus
836 2608 1123 2671 communionem.¹
1147 2607 1192 2672 Ut
1206 2617 1315 2672 autem

124 2709 182 2775 hec
212 2714 321 2777 omnia
350 2720 422 2775 rata
450 2719 662 2796 permaneant
684 2722 781 2797 atque
804 2710 907 2794 firma,
940 2710 1050 2796 sigillis
1074 2711 1194 2776 domini
1216 2714 1315 2777 nostri

125 2814 289 2899 Friderici,
321 2824 400 2879 tunc
428 2815 518 2879 ducis
542 2813 673 2879 Austris
697 2825 729 2878 et
751 2815 857 2899 Stirie,
885 2824 917 2879 et
940 2814 1058 2879 domini
1081 2814 1241 2899 Leupoldi
1265 2838 1314 2879 ca-

125 2922 226 2985 nonici
248 2920 451 2984 Pataviensis
475 2928 507 2983 et
529 2917 665 3005 predicti
689 2918 809 2983 domini
832 2919 935 2984 Vlrici
958 2917 1064 2983 scribe
1089 2918 1129 2983 de
1153 2919 1313 2984 Wizilins-

126 3022 198 3089 dorf
222 3025 412 3089 communiri
434 3023 570 3088 fecimus
594 3023 636 3088 ad
667 3023 847 3088 cautelam''
878 3022 1061 3087 nominibus
1084 3024 1212 3088 testium
1241 3023 1312 3088 sub-

125 3130 246 3211 notatis,
279 3130 334 3214 qui
364 3137 452 3192 sunt:
482 3127 657 3192 Heinricus
687 3128 868 3213 prepositus
896 3127 1107 3209 Pataviensis,
1134 3126 1313 3212 Liupoldus

127 3230 240 3296 domini
269 3233 422 3317 prepositi
453 3231 680 3315 subdiaconus,
711 3230 907 3297 Ohunradus
939 3230 979 3295 de
1007 3230 1256 3296 Patzmans'dorf
1282 3243 1315 3297 et

126 3335 366 3401 Marchwardus
389 3335 431 3400 de
454 3335 675 3400 Liehtenwart
696 3334 841 3422 plebani;
867 3335 941 3401 Otto
966 3334 1006 3399 dc
1022 3332 1214 3419 Ottenstein,
1239 3336 1313 3401 Liu-

126 3440 236 3525 poldus
269 3439 433 3527 quondam
468 3442 633 3528 pincerna,
668 3440 861 3505 Perhtoldus
895 3438 1064 3523 Tdschelo,
1100 3440 1238 3506 Sifridus
1272 3441 1313 3507 de

127 3542 308 3630 Saraxdorf,
337 3546 508 3630 Martinus,
536 3545 724 3629 Ludwicus,
747 3544 878 3610 Vlricus
900 3545 1029 3630 hospes,
1053 3544 1248 3610 Chunradus
1272 3545 1313 3610 de

129 3648 360 3736 Weitginsdori
379 3660 411 3715 et
433 3650 486 3715 elii
508 3672 606 3737 qnam
628 3649 746 3737 plures.
778 3649 862 3714 Acta
885 3660 959 3714 sunt
981 3649 1043 3713 hec
1063 3650 1204 3715 Wienne
1227 3673 1311 3715 anno

127 3751 166 3816 ab
188 3757 403 3822 incarnatione
428 3755 547 3820 domini
570 3754 808 3838 MOOXXXII,
832 3755 907 3820 VII.
931 3753 1004 3819 idus
1027 3756 1114 3820 iunii.

224 3948 244 3998 1.
261 3949 287 4000 S.
305 3949 330 4000 d.
347 3949 493 4015 Herzoges,
516 3964 552 4000 an
574 3949 649 3999 einer
667 3948 1024 4014 roth-gelbgrttn-violetten
1043 3948 1250 4009 Seidenschnur,
1268 3950 1312 3999 be·

126 4033 248 4101 oebldigt,
264 4036 416 4103 nngsitrbt,
435 4036 503 4087 Abb.
516 4037 560 4087 bei
578 4036 658 4095 Sava,
677 4035 767 4101 Siegel
784 4036 809 4086 d.
827 4041 918 4086 boteri.
934 4036 1082 4102 Repenten,
1104 4035 1130 4086 S.
1144 4036 1178 4085 89
1196 4035 1254 4101 Fig.
1269 4037 1311 4085 26.

129 4146 159 4156 -
177 4122 209 4171 11.
231 4124 255 4175 8.
271 4124 296 4174 d.
313 4125 409 4175 Notars
432 4123 535 4184 Ulricb,
563 4138 599 4172 an
621 4124 697 4174 einer
718 4122 924 4189 gelb-violetten
947 4122 1152 4184 Seidensehnur,
1179 4124 1312 4188 spitaovul

128 4205 245 4275 (50:³3),
269 4212 421 4279 nngefflrbt,
443 4211 470 4261 11
486 4212 516 4261 B.
553 4211 687 4262 Umscbc:
716 4208 924 4277 †SIG1LLV'·
941 4210 1219 4261 Vmor-seme.
1257 4210 1311 4259 Ein

129 4340 323 4353 ————----

129 4412 192 4469 lto.
227 4429 239 4453 ⁸
254 4422 307 4471 Aul
322 4422 416 4472 Rasnr.
454 4448 486 4456 -
522 4419 634 4485 lF'olgt
651 4434 749 4485 engere
767 4419 867 4470 Schrift
885 4435 937 4470 von
960 4418 1081 4485 gleicher
1098 4417 1186 4479 Hand,
1209 4417 1312 4469 welche

130 4500 209 4555 durch
224 4506 264 4559 die
280 4506 505 4560 Beschrbnhtheit
523 4506 570 4557 des
586 4507 703 4557 Raumm
721 4507 836 4573 geboten
855 4522 918 4557 urar,

225 4626 234 4656 ¹
249 4629 300 4680 Die
312 4628 556 4693 Verbrtlderungen
575 4628 621 4678 der
633 4627 742 4679 Kloster
754 4629 804 4678 mit
814 4628 910 4689 Lmen,
928 4627 969 4679 als
981 4626 1064 4677 deren
1075 4625 1311 4692 hervorragenden

130 4708 311 4780 Wohltbitem,
329 4716 466 4783 bespricbt
483 4715 643 4782 Keiblinger
661 4715 783 4782 (Melki,
801 4713 899 4780 lm).

1120 4819 1154 4868 8*
