3400 5350
349 420 413 486 238

348 615 585 698 septuagesimo
617 625 731 680 octavo
762 614 813 679 die
844 614 1017 680 undecima
1044 618 1163 681 mensis
1186 616 1377 701 septembris
1401 618 1434 682 in
1457 620 1545 703 capi·

349 716 415 782 tulo
446 717 523 782 dicti
552 722 736 784 monasterii
766 719 809 783 ad
838 730 1029 806 preceptum
1059 720 1254 785 venerabilis
1288 724 1388 807 patris
1423 721 1545 787 domini

349 821 521 886 Iohannis¹
552 822 680 888 abbatis
704 823 933 910 Gottwigensis
956 827 1018 890 mei
1041 824 1150 909 plelati
1174 824 1216 888 ad
1239 827 1340 890 tocius
1364 838 1544 891 conventus

348 926 447 990 tunc²
470 925 530 991 sub
553 926 732 992 advocacia
755 930 950 993 serenissimi
973 931 1127 1015 principis
1151 927 1270 993 domini
1286 929 1410 994 Alberti
1428 931 1545 995 Roma·

348 1055 463 1097 norum
485 1035 570 1117 regie
594 1041 626 1096 et
649 1032 739 1096 ducis
762 1032 894 1098 Austris
918 1055 997 1097 onus
1020 1043 1148 1098 recture
1171 1033 1380 1118 parrochialis
1404 1035 1543 1100 ecclesie

348 1138 380 1200 in
404 1136 573 1201 Chueleub
602 1146 767 1223 tamquam
798 1136 882 1202 filius
913 1137 1103 1202 obediencie
1130 1139 1163 1201 in
1186 1161 1237 1202 me
1260 1140 1392 1223 recepi·
1415 1161 1545 1204 necnon

348 1242 584 1325 possessionem
607 1242 676 1304 eius
698 1244 888 1306 auctoritate
911 1240 997 1305 sedis
1019 1241 1193 1326 apostolice
1216 1250 1249 1306 et
1271 1264 1430 1308 consensu
1444 1265 1542 1309 vene·

348 1343 457 1408 rabilis
480 1348 581 1431 patris
604 1343 724 1409 domini
747 1344 889 1410 Gotfridi
904 1346 1105 1410 Pataviensis
1129 1348 1271 1431 episcopi
1294 1346 1396 1412 libere
1412 1358 1444 1412 et
1459 1352 1544 1434 paci-

348 1448 410 1511 fice
434 1471 493 1533 per
515 1471 616 1513 annos
640 1447 754 1513 decem
776 1449 829 1513 vel
853 1452 934 1514 citra
955 1452 1044 1514 tenui
1068 1460 1100 1514 et
1120 1452 1193 1514 rexi
1215 1474 1255 1514 ac
1277 1473 1388 1516 omnes
1418 1452 1543 1517 fructus

348 1553 533 1618 reddituum
564 1562 597 1618 et
625 1563 841 1640 proventuum
872 1554 947 1618 inde
976 1558 1207 1640 emergentium
1230 1558 1355 1641 integre
1378 1560 1487 1642 recepi
1512 1566 1544 1621 et

349 1656 463 1742 collegi
493 1661 586 1722 annis
613 1658 748 1744 singulis
770 1661 964 1725 monasterio
987 1668 1019 1724 et
1042 1663 1213 1725 conventui
1235 1660 1427 1746 supradictis
1450 1664 1544 1726 ratio

348 1783 424 1826 nem
453 1761 602 1828 faciendo
633 1763 836 1849 singulariter
861 1763 901 1828 de
924 1763 1057 1850 singulis
1080 1764 1227 1850 demptis,
1249 1764 1460 1851 predialibus,
1490 1766 1544 1831 de-

349 1868 439 1931 cimis
462 1865 632 1932 bladorum
655 1890 714 1954 per
735 1876 834 1933 totam
857 1868 1060 1953 parrochiam
1080 1868 1250 1953 prefatam,
1274 1890 1410 1955 quarum
1430 1891 1544 1934 secun·

350 1969 426 2034 dum
449 1993 524 2035 suas
546 1971 747 2036 multiformis
772 1972 934 2037 divisionis
958 1982 1066 2057 partes
1083 1983 1114 2036 et
1129 1995 1251 2058 genera
1266 1976 1424 2038 seminum
1438 1977 1544 2039 tercia

349 2098 424 2160 pars
454 2078 523 2140 sine
555 2076 770 2141 diminucione
801 2099 859 2141 seu
890 2079 1090 2141 extractione
1117 2100 1394 2164 quorumcumque
1417 2077 1543 2165 predio-

347 2202 429 2263 rum,
453 2179 652 2264 allodiorum,
676 2203 827 2266 agrorum
850 2191 883 2246 et
904 2191 1044 2246 ortorum
1061 2181 1155 2267 plene
1171 2193 1204 2246 et
1218 2183 1417 2269 integraliter
1432 2206 1543 2270 supra·

350 2284 471 2349 dictum
500 2288 729 2350 monasterium
759 2287 792 2349 in
816 2286 962 2350 Gotwico
993 2309 1032 2350 ac
1063 2289 1131 2350 eius
1155 2297 1350 2352 conventum
1371 2290 1442 2353 iure
1463 2290 1543 2352 anti-

350 2411 412 2475 que
440 2388 643 2453 fundaciouis
669 2391 800 2473 respicit
822 2399 855 2453 et
877 2393 997 2454 attinet.
1030 2390 1112 2455 Sunt
1134 2401 1242 2455 autem
1264 2391 1326 2456 hec
1350 2390 1475 2456 decime
1499 2415 1542 2456 ex

349 2494 488 2578 antiquis
518 2495 661 2578 registris
691 2504 836 2578 recepte:
867 2497 942 2558 item
973 2496 1007 2558 in
1033 2503 1098 2559 toto
1125 2517 1200 2559 rure
1223 2494 1319 2581 plano
1342 2518 1402 2582 per
1424 2505 1541 2580 castra,

349 2595 466 2661 allodia
497 2607 528 2662 et
558 2596 669 2661 domos
700 2599 840 2662 omnium
872 2620 1022 2683 agrorum
1046 2608 1078 2663 et
1100 2609 1241 2663 ortorum
1263 2598 1447 2686 supradicte
1470 2623 1542 2686 par·

348 2702 497 2767 rochialis
528 2702 663 2767 ecclesie
693 2705 725 2767 iu
750 2702 917 2768 Chueleuh
948 2713 980 2768 et
1009 2707 1077 2768 eius
1107 2704 1237 2768 filialem
1267 2706 1299 2768 in
1323 2705 1420 2789 Hag⁸
1446 2716 1478 2769 et
1508 2709 1542 2771 in

348 2807 471 2895 predio,
499 2807 586 2894 quod
614 2807 730 2872 dicitur
746 2807 896 2890 villula,⁴
918 2832 991 2873 cum
1015 2809 1174 2894 aliquibus
1198 2809 1257 2873 eibi
1280 2813 1417 2874 annexis
1439 2814 1542 2875 tercia

347 2936 423 3000 pars
446 2937 504 3000 per
525 2922 627 2978 totum
649 2922 682 2977 et
703 2914 842 2999 integre,
865 2915 942 2977 item
964 2936 1024 3000 per
1045 2923 1144 2978 totam
1167 2914 1279 2979 silvam
1304 2924 1337 2979 et
1352 2914 1541 2980 antesilvam

347 3021 380 3082 in
402 3018 563 3083 montibus
586 3028 618 3083 et
640 3018 777 3082 vallibus
800 3040 859 3104 per
881 3028 980 3082 totam
1002 3018 1206 3103 parrochiam
1229 3017 1450 3103 supradictam
1472 3029 1540 3084 tota

348 3143 424 3207 pars
446 3124 548 3186 tocius
572 3122 698 3186 decime
719 3145 778 3208 per
801 3131 902 3187 totum
922 3133 954 3187 et
969 3124 1015 3186 sic
1030 3145 1158 3208 semper
1172 3124 1232 3186 fuit
1246 3145 1266 3186 a
1282 3126 1438 3209 principio
1453 3122 1542 3188 dota-

348 3227 447 3291 cionis
470 3235 503 3290 et
525 3235 574 3290 est
596 3248 654 3311 per
677 3229 792 3291 omnia.
823 3226 890 3291 Illis
913 3249 991 3290 vero
1014 3229 1180 3290 annuatim
1204 3229 1290 3290 etin
1305 3249 1405 3291 unum
1420 3229 1466 3291 sic
1480 3226 1542 3292 col-

347 3329 438 3393 lectis
461 3351 520 3415 per
542 3329 694 3395 abbatem
717 3341 750 3395 et
765 3340 960 3395 conventum
980 3330 1135 3417 sepedicti
1156 3332 1340 3395 monasterii
1355 3353 1413 3394 seu
1429 3353 1542 3396 eorum

348 3435 436 3497 vices
459 3447 625 3517 gerentem
649 3444 785 3499 metreta
808 3436 908 3498 tercia
935 3457 1084 3499 mensure
1111 3435 1246 3499 forensis
1276 3457 1332 3500 seu
1364 3439 1542 3500 communis

349 3539 491 3602 omnium
515 3537 721 3603 collectorum
744 3561 802 3623 pro
824 3538 1021 3604 relevamine
1042 3548 1219 3604 memorate
1235 3539 1371 3605 ecclesie
1392 3552 1423 3605 et
1442 3543 1476 3605 in
1491 3564 1542 3605 su·

349 3642 579 3706 stentacionem
601 3642 773 3707 sacerdotii
795 3644 895 3729 ipsius
919 3665 975 3728 pro
999 3645 1149 3728 porcione
1166 3665 1308 3728 congrua
1324 3644 1429 3727 cedat,
1452 3643 1542 3709 unde

350 3865 417 3921 228.
457 3878 470 3902 ⁸
486 3869 567 3936 Folgt
584 3871 646 3920 eine
664 3866 757 3921 Rasur.

452 4008 462 4040 ¹
481 4010 564 4060 Nicht
574 4011 628 4061 Abt
639 4009 748 4061 Johann
760 4011 875 4062 sondern
887 4011 940 4062 Abt
952 4010 1111 4074 Helmwich,
1129 4011 1245 4061 welcher
1258 4013 1324 4061 1279
1337 4012 1411 4062 Mira
1426 4014 1438 4061 1
1458 4014 1541 4063 starb.

348 4099 445 4149 Dieser
467 4098 584 4149 Irrthum
606 4113 668 4159 war,
696 4098 730 4148 da
747 4098 779 4163 ja
802 4097 849 4149 der
871 4097 1164 4149 Urkundenaussteller
1190 4098 1242 4149 den
1264 4099 1367 4149 Namen
1389 4099 1436 4149 des
1457 4099 1541 4150 Abtes

349 4189 444 4237 wiasen
472 4191 580 4245 musste,
608 4185 828 4236 wahrscheinlich
855 4190 909 4235 erst
935 4184 1018 4235 durch
1045 4184 1097 4235 den
1120 4184 1247 4251 Cepisten
1272 4186 1317 4236 bei
1340 4187 1421 4236 deren
1443 4186 1541 4236 Trans·

348 4275 505 4339 srrmierung
522 4274 551 4323 in
569 4273 612 4323 die
631 4272 762 4324 Urkunde
780 4272 1003 4339 hineingetragen
1021 4273 1138 4324 worden.
1174 4301 1206 4309 -
1244 4269 1354 4323 ²Diese
1371 4274 1483 4339 Angabe
1506 4275 1541 4325 ist

347 4360 501 4427 gleichfalls
527 4375 662 4427 ungenau,
689 4359 724 4409 da
745 4360 853 4426 Herzog
875 4359 1002 4411 Albrecht
1019 4362 1039 4409 1.
1063 4368 1116 4409 erst
1140 4360 1207 4408 1284
1230 4360 1304 4409 Mira
1323 4361 1353 4408 17
1381 4359 1424 4411 die
1441 4361 1541 4427 Vogtei

350 4450 416 4498 liber
442 4448 486 4498 die
509 4447 608 4498 Kirche
636 4463 670 4496 au
694 4447 758 4497 Kilb
782 4446 929 4495 llbernahm
953 4444 1004 4513 (nr.
1024 4444 1092 4511 166),
1121 4445 1247 4495 wahrend
1263 4445 1393 4497 Waltram
1417 4446 1541 4514 Ottinger

349 4537 448 4586 bereits
474 4536 540 4583 1278
563 4534 720 4599 September
740 4535 767 4581 ll
791 4531 835 4581 die
853 4531 954 4581 Psarrei
973 4532 1090 4583 daselbst
1107 4533 1263 4584 lihernahm.
1288 4562 1322 4571 -
1339 4531 1351 4563 ⁸
1369 4534 1540 4600 Ober·Haag‚

350 4621 459 4685 Weiler,
482 4620 558 4673 O.·G.
582 4620 728 4686 Haiuberg.
765 4620 824 4669 Von
848 4620 923 4669 einer
944 4619 1043 4670 Kirche
1071 4619 1189 4670 daselbst
1216 4622 1250 4671 ist
1273 4622 1341 4685 jetat
1367 4621 1446 4671 keine
1469 4621 1542 4687 Spur

349 4706 424 4760 mehr
441 4706 604 4759 verbanden.
624 4735 656 4744 -
674 4706 686 4737 ⁴
703 4707 785 4769 Dhrfl,
804 4707 914 4773 Weiler,
933 4707 1008 4760 0.·G.
1027 4708 1211 4776 ltametaberg.
